date,description,amount,balance_after,counterparty_raw,type
2025-08-01,FUEL - ALDREES,-3791.30,171208.70,ALDREES,debit
2025-08-01,TELECOM - MOBILY,-3751.61,167457.09,MOBILY,debit
2025-08-01,OFFICE SUPPLIES,-4344.82,163112.27,OFFICE,debit
2025-08-01,OFFICE SUPPLIES,-2651.20,160461.07,OFFICE,debit
2025-08-01,FUEL - ALDREES,-4325.78,156135.29,ALDREES,debit
2025-08-01,INWARD TT - ALMUNAJEM FOODS CO IT DEPT,9518.51,165653.80,ALMUNAJEM FOODS CO IT DEPT,credit
2025-08-02,TELECOM - MOBILY,-625.59,165028.21,MOBILY,debit
2025-08-02,FUEL - ALDREES,-3152.45,161875.76,ALDREES,debit
2025-08-02,AWS SUBSCRIPTION,-3032.31,158843.45,AWS,debit
2025-08-03,AWS SUBSCRIPTION,-1724.73,157118.72,AWS,debit
2025-08-03,AWS SUBSCRIPTION,-3631.78,153486.94,AWS,debit
2025-08-03,TELECOM - MOBILY,-392.84,153094.10,MOBILY,debit
2025-08-03,TELECOM - MOBILY,-2837.09,150257.01,MOBILY,debit
2025-08-04,AWS SUBSCRIPTION,-1748.44,148508.57,AWS,debit
2025-08-04,OFFICE SUPPLIES,-2896.98,145611.59,OFFICE,debit
2025-08-04,TELECOM - MOBILY,-2560.94,143050.65,MOBILY,debit
2025-08-04,BANK CHARGES,-2792.93,140257.72,BANK,debit
2025-08-05,AWS SUBSCRIPTION,-4488.16,135769.56,AWS,debit
2025-08-05,TELECOM - MOBILY,-2467.56,133302.00,MOBILY,debit
2025-08-05,BANK CHARGES,-3151.99,130150.01,BANK,debit
2025-08-05,OFFICE SUPPLIES,-2132.31,128017.70,OFFICE,debit
2025-08-05,OFFICE RENT - OLAYA TOWER LANDLORD,-18000.00,110017.70,OLAYA TOWER LANDLORD,debit
2025-08-06,FUEL - ALDREES,-3555.06,106462.64,ALDREES,debit
2025-08-06,OFFICE SUPPLIES,-802.70,105659.94,OFFICE,debit
2025-08-06,BANK CHARGES,-3581.87,102078.07,BANK,debit
2025-08-06,TELECOM - MOBILY,-3570.85,98507.22,MOBILY,debit
2025-08-06,INWARD TT - ALMARAI IT SERVICES,5840.32,104347.54,ALMARAI IT SERVICES,credit
2025-08-06,OWN ACCT TRF FROM A AL HARBI PERSONAL,9435.13,113782.67,A AL HARBI PERSONAL,credit
2025-08-07,SOFTWARE LICENSE - MICROSOFT,-2969.09,110813.58,MICROSOFT,debit
2025-08-07,AWS SUBSCRIPTION,-1544.36,109269.22,AWS,debit
2025-08-07,TELECOM - MOBILY,-1460.55,107808.67,MOBILY,debit
2025-08-07,TELECOM - MOBILY,-1208.45,106600.22,MOBILY,debit
2025-08-07,TELECOM - MOBILY,-4142.62,102457.60,MOBILY,debit
2025-08-07,SOFTWARE LICENSE - MICROSOFT,-961.69,101495.91,MICROSOFT,debit
2025-08-08,BANK CHARGES,-1194.80,100301.11,BANK,debit
2025-08-08,SOFTWARE LICENSE - MICROSOFT,-4171.89,96129.22,MICROSOFT,debit
2025-08-08,AWS SUBSCRIPTION,-915.54,95213.68,AWS,debit
2025-08-08,BANK CHARGES,-2619.11,92594.57,BANK,debit
2025-08-08,TELECOM - MOBILY,-3566.67,89027.90,MOBILY,debit
2025-08-08,AWS SUBSCRIPTION,-2298.62,86729.28,AWS,debit
2025-08-08,INWARD TT - ALMUNAJEM FOODS CO IT DEPT,5095.87,91825.15,ALMUNAJEM FOODS CO IT DEPT,credit
2025-08-09,FUEL - ALDREES,-4177.98,87647.17,ALDREES,debit
2025-08-09,SOFTWARE LICENSE - MICROSOFT,-2785.14,84862.03,MICROSOFT,debit
2025-08-09,BANK CHARGES,-3015.77,81846.26,BANK,debit
2025-08-10,FUEL - ALDREES,-941.47,80904.79,ALDREES,debit
2025-08-10,BANK CHARGES,-2706.74,78198.05,BANK,debit
2025-08-10,AWS SUBSCRIPTION,-1134.05,77064.00,AWS,debit
2025-08-11,OFFICE SUPPLIES,-3074.54,73989.46,OFFICE,debit
2025-08-11,AWS SUBSCRIPTION,-3280.22,70709.24,AWS,debit
2025-08-11,OFFICE SUPPLIES,-2239.75,68469.49,OFFICE,debit
2025-08-11,AWS SUBSCRIPTION,-547.72,67921.77,AWS,debit
2025-08-11,AWS SUBSCRIPTION,-2074.53,65847.24,AWS,debit
2025-08-11,SOFTWARE LICENSE - MICROSOFT,-3190.47,62656.77,MICROSOFT,debit
2025-08-11,INWARD TT - STC IT SUPPLIER,21761.72,84418.49,STC IT SUPPLIER,credit
2025-08-12,OFFICE SUPPLIES,-2257.80,82160.69,OFFICE,debit
2025-08-12,OFFICE SUPPLIES,-1158.67,81002.02,OFFICE,debit
2025-08-12,FUEL - ALDREES,-4453.03,76548.99,ALDREES,debit
2025-08-12,INWARD TT - AL FANAR ENTERPRISES,75000.00,151548.99,AL FANAR ENTERPRISES,credit
2025-08-13,OFFICE SUPPLIES,-1020.92,150528.07,OFFICE,debit
2025-08-13,BANK CHARGES,-3625.87,146902.20,BANK,debit
2025-08-13,TELECOM - MOBILY,-454.40,146447.80,MOBILY,debit
2025-08-13,INWARD TT - ALMARAI IT SERVICES,17230.92,163678.72,ALMARAI IT SERVICES,credit
2025-08-13,INWARD TT - BLUE HORIZON SOLUTIONS LLC,100000.00,263678.72,BLUE HORIZON SOLUTIONS LLC,credit
2025-08-14,AWS SUBSCRIPTION,-2265.89,261412.83,AWS,debit
2025-08-14,FUEL - ALDREES,-2711.19,258701.64,ALDREES,debit
2025-08-14,AWS SUBSCRIPTION,-2952.38,255749.26,AWS,debit
2025-08-14,FUEL - ALDREES,-4024.86,251724.40,ALDREES,debit
2025-08-14,OFFICE SUPPLIES,-2104.78,249619.62,OFFICE,debit
2025-08-14,OFFICE SUPPLIES,-1617.10,248002.52,OFFICE,debit
2025-08-14,INWARD TT - RIYADH BANK IT VENDOR PMT,21021.14,269023.66,RIYADH BANK IT VENDOR PMT,credit
2025-08-15,AWS SUBSCRIPTION,-1659.11,267364.55,AWS,debit
2025-08-15,BANK CHARGES,-224.70,267139.85,BANK,debit
2025-08-15,SOFTWARE LICENSE - MICROSOFT,-2976.53,264163.32,MICROSOFT,debit
2025-08-15,FUEL - ALDREES,-655.33,263507.99,ALDREES,debit
2025-08-15,AWS SUBSCRIPTION,-961.69,262546.30,AWS,debit
2025-08-15,INWARD TT - STC IT SUPPLIER,8290.55,270836.85,STC IT SUPPLIER,credit
2025-08-16,TELECOM - MOBILY,-1532.19,269304.66,MOBILY,debit
2025-08-16,AWS SUBSCRIPTION,-4225.16,265079.50,AWS,debit
2025-08-16,TELECOM - MOBILY,-2957.43,262122.07,MOBILY,debit
2025-08-16,SOFTWARE LICENSE - MICROSOFT,-1877.19,260244.88,MICROSOFT,debit
2025-08-16,AWS SUBSCRIPTION,-1839.29,258405.59,AWS,debit
2025-08-16,SOFTWARE LICENSE - MICROSOFT,-890.60,257514.99,MICROSOFT,debit
2025-08-17,SOFTWARE LICENSE - MICROSOFT,-1095.97,256419.02,MICROSOFT,debit
2025-08-17,BANK CHARGES,-420.03,255998.99,BANK,debit
2025-08-17,OFFICE SUPPLIES,-2093.54,253905.45,OFFICE,debit
2025-08-17,FUEL - ALDREES,-3954.21,249951.24,ALDREES,debit
2025-08-17,SOFTWARE LICENSE - MICROSOFT,-1134.60,248816.64,MICROSOFT,debit
2025-08-17,INWARD TT - ALMUNAJEM FOODS CO IT DEPT,15486.13,264302.77,ALMUNAJEM FOODS CO IT DEPT,credit
2025-08-18,BANK CHARGES,-2692.43,261610.34,BANK,debit
2025-08-18,AWS SUBSCRIPTION,-3546.63,258063.71,AWS,debit
2025-08-18,TELECOM - MOBILY,-2245.27,255818.44,MOBILY,debit
2025-08-19,FUEL - ALDREES,-4235.83,251582.61,ALDREES,debit
2025-08-19,FUEL - ALDREES,-1596.40,249986.21,ALDREES,debit
2025-08-19,TELECOM - MOBILY,-2801.55,247184.66,MOBILY,debit
2025-08-19,TELECOM - MOBILY,-2686.71,244497.95,MOBILY,debit
2025-08-20,OFFICE SUPPLIES,-2473.98,242023.97,OFFICE,debit
2025-08-20,AWS SUBSCRIPTION,-1293.13,240730.84,AWS,debit
2025-08-20,SOFTWARE LICENSE - MICROSOFT,-611.09,240119.75,MICROSOFT,debit
2025-08-21,BANK CHARGES,-2572.40,237547.35,BANK,debit
2025-08-21,SOFTWARE LICENSE - MICROSOFT,-1327.41,236219.94,MICROSOFT,debit
2025-08-21,OFFICE SUPPLIES,-387.94,235832.00,OFFICE,debit
2025-08-21,SOFTWARE LICENSE - MICROSOFT,-4039.85,231792.15,MICROSOFT,debit
2025-08-21,OFFICE SUPPLIES,-1617.13,230175.02,OFFICE,debit
2025-08-21,FUEL - ALDREES,-2169.00,228006.02,ALDREES,debit
2025-08-22,AWS SUBSCRIPTION,-455.52,227550.50,AWS,debit
2025-08-22,FUEL - ALDREES,-4299.78,223250.72,ALDREES,debit
2025-08-22,AWS SUBSCRIPTION,-3401.29,219849.43,AWS,debit
2025-08-22,AWS SUBSCRIPTION,-2976.49,216872.94,AWS,debit
2025-08-22,AWS SUBSCRIPTION,-2427.00,214445.94,AWS,debit
2025-08-22,WIRE OUT - OFFSHORE DEV CONTRACTOR PMT,-257482.11,-43036.17,OFFSHORE DEV CONTRACTOR,debit
2025-08-23,SOFTWARE LICENSE - MICROSOFT,-4413.16,-47449.33,MICROSOFT,debit
2025-08-23,AWS SUBSCRIPTION,-543.14,-47992.47,AWS,debit
2025-08-23,BANK CHARGES,-1075.39,-49067.86,BANK,debit
2025-08-23,FUEL - ALDREES,-2258.32,-51326.18,ALDREES,debit
2025-08-23,TELECOM - MOBILY,-1415.49,-52741.67,MOBILY,debit
2025-08-23,INWARD TT - ALMARAI IT SERVICES,17359.44,-35382.23,ALMARAI IT SERVICES,credit
2025-08-24,SOFTWARE LICENSE - MICROSOFT,-2549.38,-37931.61,MICROSOFT,debit
2025-08-24,SOFTWARE LICENSE - MICROSOFT,-4357.55,-42289.16,MICROSOFT,debit
2025-08-24,BANK CHARGES,-4436.52,-46725.68,BANK,debit
2025-08-24,BANK CHARGES,-555.89,-47281.57,BANK,debit
2025-08-24,AWS SUBSCRIPTION,-1365.12,-48646.69,AWS,debit
2025-08-24,INWARD TT - RIYADH BANK IT VENDOR PMT,3539.96,-45106.73,RIYADH BANK IT VENDOR PMT,credit
2025-08-25,TELECOM - MOBILY,-3580.77,-48687.50,MOBILY,debit
2025-08-25,AWS SUBSCRIPTION,-3716.69,-52404.19,AWS,debit
2025-08-25,FUEL - ALDREES,-1115.38,-53519.57,ALDREES,debit
2025-08-25,AWS SUBSCRIPTION,-3638.97,-57158.54,AWS,debit
2025-08-25,INWARD TT - RIYADH BANK IT VENDOR PMT,5532.03,-51626.51,RIYADH BANK IT VENDOR PMT,credit
2025-08-26,SOFTWARE LICENSE - MICROSOFT,-2056.06,-53682.57,MICROSOFT,debit
2025-08-26,BANK CHARGES,-1251.14,-54933.71,BANK,debit
2025-08-26,SOFTWARE LICENSE - MICROSOFT,-333.84,-55267.55,MICROSOFT,debit
2025-08-26,OFFICE SUPPLIES,-2678.15,-57945.70,OFFICE,debit
2025-08-27,TELECOM - MOBILY,-493.30,-58439.00,MOBILY,debit
2025-08-27,BANK CHARGES,-1936.55,-60375.55,BANK,debit
2025-08-27,FUEL - ALDREES,-1460.08,-61835.63,ALDREES,debit
2025-08-27,FUEL - ALDREES,-3006.80,-64842.43,ALDREES,debit
2025-08-27,OFFICE SUPPLIES,-318.46,-65160.89,OFFICE,debit
2025-08-27,BANK CHARGES,-3294.86,-68455.75,BANK,debit
2025-08-27,INWARD TT - ALMARAI IT SERVICES,10381.55,-58074.20,ALMARAI IT SERVICES,credit
2025-08-27,OWN ACCT TRF FROM A AL HARBI PERSONAL,11110.76,-46963.44,A AL HARBI PERSONAL,credit
2025-08-28,SOFTWARE LICENSE - MICROSOFT,-2374.00,-49337.44,MICROSOFT,debit
2025-08-28,TELECOM - MOBILY,-3972.61,-53310.05,MOBILY,debit
2025-08-28,OFFICE SUPPLIES,-1769.18,-55079.23,OFFICE,debit
2025-08-28,INWARD TT - ALMUNAJEM FOODS CO IT DEPT,11957.92,-43121.31,ALMUNAJEM FOODS CO IT DEPT,credit
2025-08-28,INWARD TT - ALMARAI IT SERVICES,23370.47,-19750.84,ALMARAI IT SERVICES,credit
2025-08-28,SALARY EMP00,-8014.20,-27765.04,EMPLOYEE_00,debit
2025-08-28,SALARY EMP01,-7020.02,-34785.06,EMPLOYEE_01,debit
2025-08-28,SALARY EMP02,-12214.12,-46999.18,EMPLOYEE_02,debit
2025-08-28,SALARY EMP03,-4541.38,-51540.56,EMPLOYEE_03,debit
2025-08-28,SALARY EMP04,-6562.42,-58102.98,EMPLOYEE_04,debit
2025-08-28,SALARY EMP05,-14040.73,-72143.71,EMPLOYEE_05,debit
2025-08-28,SALARY EMP06,-8044.27,-80187.98,EMPLOYEE_06,debit
2025-08-29,FUEL - ALDREES,-2968.75,-83156.73,ALDREES,debit
2025-08-29,FUEL - ALDREES,-3534.90,-86691.63,ALDREES,debit
2025-08-29,TELECOM - MOBILY,-406.35,-87097.98,MOBILY,debit
2025-08-29,SOFTWARE LICENSE - MICROSOFT,-1861.43,-88959.41,MICROSOFT,debit
2025-08-29,INWARD TT - PEAK ADVISORY GROUP,60161.28,-28798.13,PEAK ADVISORY GROUP,credit
2025-08-30,TELECOM - MOBILY,-1856.21,-30654.34,MOBILY,debit
2025-08-30,OFFICE SUPPLIES,-1735.96,-32390.30,OFFICE,debit
2025-08-30,SOFTWARE LICENSE - MICROSOFT,-3051.32,-35441.62,MICROSOFT,debit
2025-08-30,BANK CHARGES,-259.60,-35701.22,BANK,debit
2025-08-30,BANK CHARGES,-715.84,-36417.06,BANK,debit
2025-08-30,BANK CHARGES,-3832.04,-40249.10,BANK,debit
2025-08-30,INWARD TT - CRESCENT IT,75000.00,34750.90,CRESCENT IT,credit
2025-08-30,INWARD TT - STC IT SUPPLIER,64676.76,99427.66,STC IT SUPPLIER,credit
2025-08-30,INWARD TT - ALMUNAJEM FOODS CO IT DEPT,63651.32,163078.98,ALMUNAJEM FOODS CO IT DEPT,credit
2025-08-31,BANK CHARGES,-1801.21,161277.77,BANK,debit
2025-08-31,TELECOM - MOBILY,-412.13,160865.64,MOBILY,debit
2025-08-31,TELECOM - MOBILY,-1495.59,159370.05,MOBILY,debit
2025-08-31,BANK CHARGES,-1753.00,157617.05,BANK,debit
2025-08-31,BANK CHARGES,-2298.01,155319.04,BANK,debit
2025-08-31,TELECOM - MOBILY,-3046.78,152272.26,MOBILY,debit
2025-08-31,INWARD TT - BLUE HORIZON SOLUTIONS LLC,47997.70,200269.96,BLUE HORIZON SOLUTIONS LLC,credit
2025-09-01,FUEL - ALDREES,-4122.87,196147.09,ALDREES,debit
2025-09-01,FUEL - ALDREES,-1449.64,194697.45,ALDREES,debit
2025-09-01,SOFTWARE LICENSE - MICROSOFT,-3312.46,191384.99,MICROSOFT,debit
2025-09-01,FUEL - ALDREES,-4304.09,187080.90,ALDREES,debit
2025-09-01,AWS SUBSCRIPTION,-4098.03,182982.87,AWS,debit
2025-09-01,TELECOM - MOBILY,-3622.48,179360.39,MOBILY,debit
2025-09-02,SOFTWARE LICENSE - MICROSOFT,-1917.29,177443.10,MICROSOFT,debit
2025-09-02,AWS SUBSCRIPTION,-1877.14,175565.96,AWS,debit
2025-09-02,AWS SUBSCRIPTION,-3880.91,171685.05,AWS,debit
2025-09-02,SOFTWARE LICENSE - MICROSOFT,-2984.86,168700.19,MICROSOFT,debit
2025-09-03,SOFTWARE LICENSE - MICROSOFT,-917.39,167782.80,MICROSOFT,debit
2025-09-03,SOFTWARE LICENSE - MICROSOFT,-1944.30,165838.50,MICROSOFT,debit
2025-09-03,AWS SUBSCRIPTION,-1058.20,164780.30,AWS,debit
2025-09-03,FUEL - ALDREES,-3041.85,161738.45,ALDREES,debit
2025-09-03,BANK CHARGES,-3606.86,158131.59,BANK,debit
2025-09-03,BANK CHARGES,-2724.16,155407.43,BANK,debit
2025-09-04,AWS SUBSCRIPTION,-3032.12,152375.31,AWS,debit
2025-09-04,FUEL - ALDREES,-2315.92,150059.39,ALDREES,debit
2025-09-04,FUEL - ALDREES,-1496.76,148562.63,ALDREES,debit
2025-09-04,OFFICE SUPPLIES,-2622.57,145940.06,OFFICE,debit
2025-09-04,SOFTWARE LICENSE - MICROSOFT,-3047.63,142892.43,MICROSOFT,debit
2025-09-04,TELECOM - MOBILY,-1479.74,141412.69,MOBILY,debit
2025-09-05,BANK CHARGES,-461.43,140951.26,BANK,debit
2025-09-05,BANK CHARGES,-2553.75,138397.51,BANK,debit
2025-09-05,TELECOM - MOBILY,-2843.91,135553.60,MOBILY,debit
2025-09-05,SOFTWARE LICENSE - MICROSOFT,-2721.64,132831.96,MICROSOFT,debit
2025-09-05,AWS SUBSCRIPTION,-1231.38,131600.58,AWS,debit
2025-09-05,OFFICE SUPPLIES,-1868.05,129732.53,OFFICE,debit
2025-09-05,OFFICE RENT - OLAYA TOWER LANDLORD,-18000.00,111732.53,OLAYA TOWER LANDLORD,debit
2025-09-06,SOFTWARE LICENSE - MICROSOFT,-787.61,110944.92,MICROSOFT,debit
2025-09-06,SOFTWARE LICENSE - MICROSOFT,-1997.34,108947.58,MICROSOFT,debit
2025-09-06,SOFTWARE LICENSE - MICROSOFT,-2335.79,106611.79,MICROSOFT,debit
2025-09-06,FUEL - ALDREES,-397.45,106214.34,ALDREES,debit
2025-09-06,OFFICE SUPPLIES,-1068.09,105146.25,OFFICE,debit
2025-09-06,INWARD TT - ALMARAI IT SERVICES,3662.94,108809.19,ALMARAI IT SERVICES,credit
2025-09-07,TELECOM - MOBILY,-826.86,107982.33,MOBILY,debit
2025-09-07,TELECOM - MOBILY,-998.36,106983.97,MOBILY,debit
2025-09-07,BANK CHARGES,-3515.69,103468.28,BANK,debit
2025-09-07,INWARD TT - STC IT SUPPLIER,16363.43,119831.71,STC IT SUPPLIER,credit
2025-09-08,OFFICE SUPPLIES,-3425.54,116406.17,OFFICE,debit
2025-09-08,TELECOM - MOBILY,-3954.62,112451.55,MOBILY,debit
2025-09-08,TELECOM - MOBILY,-1265.27,111186.28,MOBILY,debit
2025-09-08,OFFICE SUPPLIES,-895.67,110290.61,OFFICE,debit
2025-09-08,SOFTWARE LICENSE - MICROSOFT,-4205.86,106084.75,MICROSOFT,debit
2025-09-08,AWS SUBSCRIPTION,-4277.79,101806.96,AWS,debit
2025-09-08,INWARD TT - ALMARAI IT SERVICES,15073.45,116880.41,ALMARAI IT SERVICES,credit
2025-09-09,SOFTWARE LICENSE - MICROSOFT,-2737.69,114142.72,MICROSOFT,debit
2025-09-09,OFFICE SUPPLIES,-1454.67,112688.05,OFFICE,debit
2025-09-09,TELECOM - MOBILY,-206.03,112482.02,MOBILY,debit
2025-09-09,SOFTWARE LICENSE - MICROSOFT,-1388.64,111093.38,MICROSOFT,debit
2025-09-09,INWARD TT - STC IT SUPPLIER,9775.55,120868.93,STC IT SUPPLIER,credit
2025-09-10,TELECOM - MOBILY,-652.15,120216.78,MOBILY,debit
2025-09-10,OFFICE SUPPLIES,-3208.14,117008.64,OFFICE,debit
2025-09-10,AWS SUBSCRIPTION,-4391.46,112617.18,AWS,debit
2025-09-10,INWARD TT - ALMARAI IT SERVICES,11289.93,123907.11,ALMARAI IT SERVICES,credit
2025-09-10,INTERCOMPANY TRF FROM Hawk Tech FZ Branch,52316.30,176223.41,Hawk Tech FZ Branch,credit
2025-09-11,BANK CHARGES,-248.27,175975.14,BANK,debit
2025-09-11,AWS SUBSCRIPTION,-629.27,175345.87,AWS,debit
2025-09-11,SOFTWARE LICENSE - MICROSOFT,-1923.90,173421.97,MICROSOFT,debit
2025-09-11,TELECOM - MOBILY,-316.64,173105.33,MOBILY,debit
2025-09-11,BANK CHARGES,-4469.56,168635.77,BANK,debit
2025-09-11,AWS SUBSCRIPTION,-1273.81,167361.96,AWS,debit
2025-09-11,INWARD TT - ALMUNAJEM FOODS CO IT DEPT,14743.66,182105.62,ALMUNAJEM FOODS CO IT DEPT,credit
2025-09-11,INWARD TT - PEAK ADVISORY GROUP,50000.00,232105.62,PEAK ADVISORY GROUP,credit
2025-09-12,BANK CHARGES,-2201.78,229903.84,BANK,debit
2025-09-12,SOFTWARE LICENSE - MICROSOFT,-1820.27,228083.57,MICROSOFT,debit
2025-09-12,BANK CHARGES,-4402.30,223681.27,BANK,debit
2025-09-12,INWARD TT - RIYADH BANK IT VENDOR PMT,19252.51,242933.78,RIYADH BANK IT VENDOR PMT,credit
2025-09-13,AWS SUBSCRIPTION,-2966.09,239967.69,AWS,debit
2025-09-13,FUEL - ALDREES,-3308.13,236659.56,ALDREES,debit
2025-09-13,OFFICE SUPPLIES,-1126.69,235532.87,OFFICE,debit
2025-09-13,OWN ACCT TRF FROM A AL HARBI PERSONAL,12715.05,248247.92,A AL HARBI PERSONAL,credit
2025-09-14,OFFICE SUPPLIES,-610.00,247637.92,OFFICE,debit
2025-09-14,SOFTWARE LICENSE - MICROSOFT,-1084.80,246553.12,MICROSOFT,debit
2025-09-14,FUEL - ALDREES,-1628.54,244924.58,ALDREES,debit
2025-09-14,AWS SUBSCRIPTION,-344.92,244579.66,AWS,debit
2025-09-14,FUEL - ALDREES,-1304.80,243274.86,ALDREES,debit
2025-09-14,SOFTWARE LICENSE - MICROSOFT,-2466.53,240808.33,MICROSOFT,debit
2025-09-14,INWARD TT - ALMARAI IT SERVICES,7107.24,247915.57,ALMARAI IT SERVICES,credit
2025-09-15,SOFTWARE LICENSE - MICROSOFT,-528.44,247387.13,MICROSOFT,debit
2025-09-15,FUEL - ALDREES,-3948.50,243438.63,ALDREES,debit
2025-09-15,BANK CHARGES,-921.71,242516.92,BANK,debit
2025-09-15,TELECOM - MOBILY,-3591.92,238925.00,MOBILY,debit
2025-09-15,TELECOM - MOBILY,-1862.48,237062.52,MOBILY,debit
2025-09-16,TELECOM - MOBILY,-3547.51,233515.01,MOBILY,debit
2025-09-16,FUEL - ALDREES,-3483.70,230031.31,ALDREES,debit
2025-09-16,TELECOM - MOBILY,-707.87,229323.44,MOBILY,debit
2025-09-16,AWS SUBSCRIPTION,-1286.53,228036.91,AWS,debit
2025-09-16,BANK CHARGES,-344.71,227692.20,BANK,debit
2025-09-16,FUEL - ALDREES,-962.51,226729.69,ALDREES,debit
2025-09-16,INWARD TT - STC IT SUPPLIER,20254.38,246984.07,STC IT SUPPLIER,credit
2025-09-17,OFFICE SUPPLIES,-763.13,246220.94,OFFICE,debit
2025-09-17,OFFICE SUPPLIES,-1429.49,244791.45,OFFICE,debit
2025-09-17,FUEL - ALDREES,-3862.43,240929.02,ALDREES,debit
2025-09-17,TELECOM - MOBILY,-3195.95,237733.07,MOBILY,debit
2025-09-17,FUEL - ALDREES,-2222.33,235510.74,ALDREES,debit
2025-09-17,SOFTWARE LICENSE - MICROSOFT,-1691.36,233819.38,MICROSOFT,debit
2025-09-17,INWARD TT - STC IT SUPPLIER,6208.84,240028.22,STC IT SUPPLIER,credit
2025-09-18,OFFICE SUPPLIES,-2258.34,237769.88,OFFICE,debit
2025-09-18,FUEL - ALDREES,-3716.23,234053.65,ALDREES,debit
2025-09-18,BANK CHARGES,-4480.58,229573.07,BANK,debit
2025-09-18,INWARD TT - STC IT SUPPLIER,4541.27,234114.34,STC IT SUPPLIER,credit
2025-09-18,INTERCOMPANY TRF FROM Hawk Tech FZ Branch,20446.60,254560.94,Hawk Tech FZ Branch,credit
2025-09-19,BANK CHARGES,-1522.23,253038.71,BANK,debit
2025-09-19,SOFTWARE LICENSE - MICROSOFT,-284.08,252754.63,MICROSOFT,debit
2025-09-19,AWS SUBSCRIPTION,-1821.99,250932.64,AWS,debit
2025-09-19,SOFTWARE LICENSE - MICROSOFT,-3386.11,247546.53,MICROSOFT,debit
2025-09-19,FUEL - ALDREES,-2559.49,244987.04,ALDREES,debit
2025-09-19,INWARD TT - ALMUNAJEM FOODS CO IT DEPT,10893.39,255880.43,ALMUNAJEM FOODS CO IT DEPT,credit
2025-09-20,OFFICE SUPPLIES,-1091.64,254788.79,OFFICE,debit
2025-09-20,TELECOM - MOBILY,-1375.08,253413.71,MOBILY,debit
2025-09-20,TELECOM - MOBILY,-3851.16,249562.55,MOBILY,debit
2025-09-20,BANK CHARGES,-3531.01,246031.54,BANK,debit
2025-09-20,OFFICE SUPPLIES,-3459.22,242572.32,OFFICE,debit
2025-09-21,TELECOM - MOBILY,-1182.80,241389.52,MOBILY,debit
2025-09-21,OFFICE SUPPLIES,-3622.48,237767.04,OFFICE,debit
2025-09-21,AWS SUBSCRIPTION,-2765.27,235001.77,AWS,debit
2025-09-21,BANK CHARGES,-3935.18,231066.59,BANK,debit
2025-09-21,INTERCOMPANY TRF FROM Hawk Tech FZ Branch,53921.22,284987.81,Hawk Tech FZ Branch,credit
2025-09-22,AWS SUBSCRIPTION,-965.96,284021.85,AWS,debit
2025-09-22,OFFICE SUPPLIES,-1414.19,282607.66,OFFICE,debit
2025-09-22,BANK CHARGES,-1043.13,281564.53,BANK,debit
2025-09-22,TELECOM - MOBILY,-3789.69,277774.84,MOBILY,debit
2025-09-22,OFFICE SUPPLIES,-3984.48,273790.36,OFFICE,debit
2025-09-22,WIRE OUT - OFFSHORE DEV CONTRACTOR PMT,-294271.67,-20481.31,OFFSHORE DEV CONTRACTOR,debit
2025-09-23,FUEL - ALDREES,-2610.15,-23091.46,ALDREES,debit
2025-09-23,OFFICE SUPPLIES,-994.49,-24085.95,OFFICE,debit
2025-09-23,TELECOM - MOBILY,-4276.26,-28362.21,MOBILY,debit
2025-09-23,TELECOM - MOBILY,-4090.40,-32452.61,MOBILY,debit
2025-09-23,AWS SUBSCRIPTION,-1200.35,-33652.96,AWS,debit
2025-09-23,INWARD TT - ALMARAI IT SERVICES,12542.91,-21110.05,ALMARAI IT SERVICES,credit
2025-09-24,SOFTWARE LICENSE - MICROSOFT,-2464.80,-23574.85,MICROSOFT,debit
2025-09-24,FUEL - ALDREES,-2604.34,-26179.19,ALDREES,debit
2025-09-24,SOFTWARE LICENSE - MICROSOFT,-992.17,-27171.36,MICROSOFT,debit
2025-09-25,FUEL - ALDREES,-1432.15,-28603.51,ALDREES,debit
2025-09-25,FUEL - ALDREES,-4420.22,-33023.73,ALDREES,debit
2025-09-25,BANK CHARGES,-1933.15,-34956.88,BANK,debit
2025-09-25,SOFTWARE LICENSE - MICROSOFT,-2440.59,-37397.47,MICROSOFT,debit
2025-09-25,FUEL - ALDREES,-969.25,-38366.72,ALDREES,debit
2025-09-25,AWS SUBSCRIPTION,-2034.60,-40401.32,AWS,debit
2025-09-26,FUEL - ALDREES,-1641.40,-42042.72,ALDREES,debit
2025-09-26,AWS SUBSCRIPTION,-2975.16,-45017.88,AWS,debit
2025-09-26,TELECOM - MOBILY,-3070.16,-48088.04,MOBILY,debit
2025-09-26,OFFICE SUPPLIES,-2126.37,-50214.41,OFFICE,debit
2025-09-26,AWS SUBSCRIPTION,-4062.98,-54277.39,AWS,debit
2025-09-26,BANK CHARGES,-405.08,-54682.47,BANK,debit
2025-09-27,FUEL - ALDREES,-1478.02,-56160.49,ALDREES,debit
2025-09-27,FUEL - ALDREES,-2228.83,-58389.32,ALDREES,debit
2025-09-27,SOFTWARE LICENSE - MICROSOFT,-301.40,-58690.72,MICROSOFT,debit
2025-09-27,SOFTWARE LICENSE - MICROSOFT,-3573.21,-62263.93,MICROSOFT,debit
2025-09-27,BANK CHARGES,-1996.93,-64260.86,BANK,debit
2025-09-27,INWARD TT - ALMARAI IT SERVICES,21010.03,-43250.83,ALMARAI IT SERVICES,credit
2025-09-28,TELECOM - MOBILY,-4191.02,-47441.85,MOBILY,debit
2025-09-28,OFFICE SUPPLIES,-4425.75,-51867.60,OFFICE,debit
2025-09-28,AWS SUBSCRIPTION,-4255.76,-56123.36,AWS,debit
2025-09-28,TELECOM - MOBILY,-843.43,-56966.79,MOBILY,debit
2025-09-28,INWARD TT - ALMUNAJEM FOODS CO IT DEPT,19841.24,-37125.55,ALMUNAJEM FOODS CO IT DEPT,credit
2025-09-28,INWARD TT - ALMARAI IT SERVICES,50389.27,13263.72,ALMARAI IT SERVICES,credit
2025-09-28,INWARD TT - ALMUNAJEM FOODS CO IT DEPT,26555.00,39818.72,ALMUNAJEM FOODS CO IT DEPT,credit
2025-09-28,INWARD TT - PEAK ADVISORY GROUP,38471.41,78290.13,PEAK ADVISORY GROUP,credit
2025-09-28,SALARY EMP00,-12459.34,65830.79,EMPLOYEE_00,debit
2025-09-28,SALARY EMP01,-13604.66,52226.13,EMPLOYEE_01,debit
2025-09-28,SALARY EMP02,-14108.93,38117.20,EMPLOYEE_02,debit
2025-09-28,SALARY EMP03,-9896.96,28220.24,EMPLOYEE_03,debit
2025-09-28,SALARY EMP04,-8186.60,20033.64,EMPLOYEE_04,debit
2025-09-28,SALARY EMP05,-4618.23,15415.41,EMPLOYEE_05,debit
2025-09-28,SALARY EMP06,-15500.56,-85.15,EMPLOYEE_06,debit
2025-09-29,FUEL - ALDREES,-1595.12,-1680.27,ALDREES,debit
2025-09-29,BANK CHARGES,-315.01,-1995.28,BANK,debit
2025-09-29,TELECOM - MOBILY,-1334.94,-3330.22,MOBILY,debit
2025-09-29,INWARD TT - ALMUNAJEM FOODS CO IT DEPT,12269.95,8939.73,ALMUNAJEM FOODS CO IT DEPT,credit
2025-09-29,INWARD TT - ALMARAI IT SERVICES,45455.08,54394.81,ALMARAI IT SERVICES,credit
2025-09-30,BANK CHARGES,-1072.05,53322.76,BANK,debit
2025-09-30,TELECOM - MOBILY,-3419.84,49902.92,MOBILY,debit
2025-09-30,SOFTWARE LICENSE - MICROSOFT,-3189.71,46713.21,MICROSOFT,debit
2025-09-30,INWARD TT - ALMARAI IT SERVICES,16860.38,63573.59,ALMARAI IT SERVICES,credit
2025-09-30,INWARD TT - PEAK ADVISORY GROUP,18677.43,82251.02,PEAK ADVISORY GROUP,credit
2025-10-01,OFFICE SUPPLIES,-2144.40,80106.62,OFFICE,debit
2025-10-01,BANK CHARGES,-940.78,79165.84,BANK,debit
2025-10-01,OFFICE SUPPLIES,-1240.92,77924.92,OFFICE,debit
2025-10-01,SOFTWARE LICENSE - MICROSOFT,-2428.24,75496.68,MICROSOFT,debit
2025-10-01,INWARD TT - STC IT SUPPLIER,17729.14,93225.82,STC IT SUPPLIER,credit
2025-10-02,FUEL - ALDREES,-1840.19,91385.63,ALDREES,debit
2025-10-02,FUEL - ALDREES,-2005.95,89379.68,ALDREES,debit
2025-10-02,AWS SUBSCRIPTION,-2531.77,86847.91,AWS,debit
2025-10-02,TELECOM - MOBILY,-1427.25,85420.66,MOBILY,debit
2025-10-03,TELECOM - MOBILY,-4331.41,81089.25,MOBILY,debit
2025-10-03,TELECOM - MOBILY,-3147.51,77941.74,MOBILY,debit
2025-10-03,FUEL - ALDREES,-2780.39,75161.35,ALDREES,debit
2025-10-03,TELECOM - MOBILY,-1741.79,73419.56,MOBILY,debit
2025-10-03,OFFICE SUPPLIES,-2901.83,70517.73,OFFICE,debit
2025-10-04,SOFTWARE LICENSE - MICROSOFT,-714.02,69803.71,MICROSOFT,debit
2025-10-04,SOFTWARE LICENSE - MICROSOFT,-3062.91,66740.80,MICROSOFT,debit
2025-10-04,AWS SUBSCRIPTION,-892.75,65848.05,AWS,debit
2025-10-04,FUEL - ALDREES,-1012.59,64835.46,ALDREES,debit
2025-10-04,INWARD TT - ALMARAI IT SERVICES,4503.54,69339.00,ALMARAI IT SERVICES,credit
2025-10-04,INWARD TT - OMEGA NET,75000.00,144339.00,OMEGA NET,credit
2025-10-05,BANK CHARGES,-4259.43,140079.57,BANK,debit
2025-10-05,SOFTWARE LICENSE - MICROSOFT,-3570.17,136509.40,MICROSOFT,debit
2025-10-05,SOFTWARE LICENSE - MICROSOFT,-3513.20,132996.20,MICROSOFT,debit
2025-10-05,BANK CHARGES,-1673.62,131322.58,BANK,debit
2025-10-05,INWARD TT - RIYADH BANK IT VENDOR PMT,10328.15,141650.73,RIYADH BANK IT VENDOR PMT,credit
2025-10-05,OFFICE RENT - OLAYA TOWER LANDLORD,-18000.00,123650.73,OLAYA TOWER LANDLORD,debit
2025-10-06,OFFICE SUPPLIES,-1970.64,121680.09,OFFICE,debit
2025-10-06,TELECOM - MOBILY,-1740.75,119939.34,MOBILY,debit
2025-10-06,TELECOM - MOBILY,-1418.83,118520.51,MOBILY,debit
2025-10-06,SOFTWARE LICENSE - MICROSOFT,-2094.94,116425.57,MICROSOFT,debit
2025-10-06,BANK CHARGES,-4453.56,111972.01,BANK,debit
2025-10-06,OFFICE SUPPLIES,-2551.13,109420.88,OFFICE,debit
2025-10-07,OFFICE SUPPLIES,-2674.22,106746.66,OFFICE,debit
2025-10-07,TELECOM - MOBILY,-1805.40,104941.26,MOBILY,debit
2025-10-07,AWS SUBSCRIPTION,-1090.99,103850.27,AWS,debit
2025-10-07,AWS SUBSCRIPTION,-757.13,103093.14,AWS,debit
2025-10-07,FUEL - ALDREES,-234.40,102858.74,ALDREES,debit
2025-10-07,BANK CHARGES,-1855.98,101002.76,BANK,debit
2025-10-08,TELECOM - MOBILY,-3352.01,97650.75,MOBILY,debit
2025-10-08,TELECOM - MOBILY,-486.56,97164.19,MOBILY,debit
2025-10-08,SOFTWARE LICENSE - MICROSOFT,-1348.94,95815.25,MICROSOFT,debit
2025-10-08,INTERCOMPANY TRF FROM HAWK HLD GRP,59318.62,155133.87,HAWK HLD GRP,credit
2025-10-09,TELECOM - MOBILY,-4210.62,150923.25,MOBILY,debit
2025-10-09,OFFICE SUPPLIES,-4475.12,146448.13,OFFICE,debit
2025-10-09,SOFTWARE LICENSE - MICROSOFT,-1621.48,144826.65,MICROSOFT,debit
2025-10-09,OFFICE SUPPLIES,-466.07,144360.58,OFFICE,debit
2025-10-09,TELECOM - MOBILY,-1983.70,142376.88,MOBILY,debit
2025-10-09,FUEL - ALDREES,-3633.64,138743.24,ALDREES,debit
2025-10-09,OWN ACCT TRF FROM Abdullah AlHarbi,5892.66,144635.90,Abdullah AlHarbi,credit
2025-10-10,BANK CHARGES,-1181.29,143454.61,BANK,debit
2025-10-10,AWS SUBSCRIPTION,-1836.31,141618.30,AWS,debit
2025-10-10,OFFICE SUPPLIES,-945.31,140672.99,OFFICE,debit
2025-10-10,INWARD TT - STC IT SUPPLIER,19692.33,160365.32,STC IT SUPPLIER,credit
2025-10-11,SOFTWARE LICENSE - MICROSOFT,-4329.31,156036.01,MICROSOFT,debit
2025-10-11,AWS SUBSCRIPTION,-2988.11,153047.90,AWS,debit
2025-10-11,SOFTWARE LICENSE - MICROSOFT,-2134.83,150913.07,MICROSOFT,debit
2025-10-11,INWARD TT - RIYADH BANK IT VENDOR PMT,9504.36,160417.43,RIYADH BANK IT VENDOR PMT,credit
2025-10-11,INWARD TT - DELTA TECH PARTNERS,100000.00,260417.43,DELTA TECH PARTNERS,credit
2025-10-12,BANK CHARGES,-3707.09,256710.34,BANK,debit
2025-10-12,TELECOM - MOBILY,-449.93,256260.41,MOBILY,debit
2025-10-12,OFFICE SUPPLIES,-2556.91,253703.50,OFFICE,debit
2025-10-12,FUEL - ALDREES,-3185.07,250518.43,ALDREES,debit
2025-10-13,AWS SUBSCRIPTION,-3041.10,247477.33,AWS,debit
2025-10-13,FUEL - ALDREES,-3906.30,243571.03,ALDREES,debit
2025-10-13,FUEL - ALDREES,-1670.72,241900.31,ALDREES,debit
2025-10-13,AWS SUBSCRIPTION,-3155.83,238744.48,AWS,debit
2025-10-13,AWS SUBSCRIPTION,-339.26,238405.22,AWS,debit
2025-10-13,AWS SUBSCRIPTION,-3787.00,234618.22,AWS,debit
2025-10-14,AWS SUBSCRIPTION,-1307.74,233310.48,AWS,debit
2025-10-14,TELECOM - MOBILY,-1479.68,231830.80,MOBILY,debit
2025-10-14,SOFTWARE LICENSE - MICROSOFT,-1302.76,230528.04,MICROSOFT,debit
2025-10-14,FUEL - ALDREES,-1929.86,228598.18,ALDREES,debit
2025-10-14,SOFTWARE LICENSE - MICROSOFT,-1029.24,227568.94,MICROSOFT,debit
2025-10-15,TELECOM - MOBILY,-465.99,227102.95,MOBILY,debit
2025-10-15,FUEL - ALDREES,-927.68,226175.27,ALDREES,debit
2025-10-15,OFFICE SUPPLIES,-4070.17,222105.10,OFFICE,debit
2025-10-15,INWARD TT - DELTA TECH PARTNERS,50000.00,272105.10,DELTA TECH PARTNERS,credit
2025-10-16,FUEL - ALDREES,-616.92,271488.18,ALDREES,debit
2025-10-16,OFFICE SUPPLIES,-4146.85,267341.33,OFFICE,debit
2025-10-16,SOFTWARE LICENSE - MICROSOFT,-1791.59,265549.74,MICROSOFT,debit
2025-10-16,FUEL - ALDREES,-3209.04,262340.70,ALDREES,debit
2025-10-16,SOFTWARE LICENSE - MICROSOFT,-2163.46,260177.24,MICROSOFT,debit
2025-10-16,INWARD TT - RIYADH BANK IT VENDOR PMT,19898.71,280075.95,RIYADH BANK IT VENDOR PMT,credit
2025-10-17,BANK CHARGES,-4316.78,275759.17,BANK,debit
2025-10-17,FUEL - ALDREES,-2202.16,273557.01,ALDREES,debit
2025-10-17,AWS SUBSCRIPTION,-3606.32,269950.69,AWS,debit
2025-10-17,SOFTWARE LICENSE - MICROSOFT,-2254.97,267695.72,MICROSOFT,debit
2025-10-17,BANK CHARGES,-4226.92,263468.80,BANK,debit
2025-10-17,INWARD TT - ALMUNAJEM FOODS CO IT DEPT,18625.56,282094.36,ALMUNAJEM FOODS CO IT DEPT,credit
2025-10-18,SOFTWARE LICENSE - MICROSOFT,-3253.01,278841.35,MICROSOFT,debit
2025-10-18,TELECOM - MOBILY,-446.21,278395.14,MOBILY,debit
2025-10-18,OFFICE SUPPLIES,-955.98,277439.16,OFFICE,debit
2025-10-19,SOFTWARE LICENSE - MICROSOFT,-304.03,277135.13,MICROSOFT,debit
2025-10-19,FUEL - ALDREES,-2229.81,274905.32,ALDREES,debit
2025-10-19,BANK CHARGES,-3687.16,271218.16,BANK,debit
2025-10-19,TELECOM - MOBILY,-3085.19,268132.97,MOBILY,debit
2025-10-19,OFFICE SUPPLIES,-1195.24,266937.73,OFFICE,debit
2025-10-19,INWARD TT - ALMARAI IT SERVICES,9671.03,276608.76,ALMARAI IT SERVICES,credit
2025-10-20,TELECOM - MOBILY,-1927.36,274681.40,MOBILY,debit
2025-10-20,AWS SUBSCRIPTION,-574.51,274106.89,AWS,debit
2025-10-20,OFFICE SUPPLIES,-2031.56,272075.33,OFFICE,debit
2025-10-20,INWARD TT - STC IT SUPPLIER,8886.93,280962.26,STC IT SUPPLIER,credit
2025-10-21,SOFTWARE LICENSE - MICROSOFT,-2963.13,277999.13,MICROSOFT,debit
2025-10-21,TELECOM - MOBILY,-4442.46,273556.67,MOBILY,debit
2025-10-21,TELECOM - MOBILY,-2308.99,271247.68,MOBILY,debit
2025-10-21,FUEL - ALDREES,-4449.93,266797.75,ALDREES,debit
2025-10-21,AWS SUBSCRIPTION,-1998.22,264799.53,AWS,debit
2025-10-21,TELECOM - MOBILY,-2141.96,262657.57,MOBILY,debit
2025-10-21,INWARD TT - RIYADH BANK IT VENDOR PMT,20245.67,282903.24,RIYADH BANK IT VENDOR PMT,credit
2025-10-22,TELECOM - MOBILY,-4259.46,278643.78,MOBILY,debit
2025-10-22,FUEL - ALDREES,-4055.17,274588.61,ALDREES,debit
2025-10-22,FUEL - ALDREES,-700.51,273888.10,ALDREES,debit
2025-10-22,OFFICE SUPPLIES,-2183.86,271704.24,OFFICE,debit
2025-10-22,INWARD TT - ALMARAI IT SERVICES,13547.74,285251.98,ALMARAI IT SERVICES,credit
2025-10-22,OWN ACCT TRF FROM ABDULLAH AL HARBI,20230.02,305482.00,ABDULLAH AL HARBI,credit
2025-10-22,WIRE OUT - OFFSHORE DEV CONTRACTOR PMT,-313314.77,-7832.77,OFFSHORE DEV CONTRACTOR,debit
2025-10-23,TELECOM - MOBILY,-1953.84,-9786.61,MOBILY,debit
2025-10-23,SOFTWARE LICENSE - MICROSOFT,-4033.17,-13819.78,MICROSOFT,debit
2025-10-23,SOFTWARE LICENSE - MICROSOFT,-4218.04,-18037.82,MICROSOFT,debit
2025-10-23,OFFICE SUPPLIES,-2223.96,-20261.78,OFFICE,debit
2025-10-23,FUEL - ALDREES,-3497.37,-23759.15,ALDREES,debit
2025-10-23,SOFTWARE LICENSE - MICROSOFT,-3389.30,-27148.45,MICROSOFT,debit
2025-10-23,INWARD TT - RIYADH BANK IT VENDOR PMT,4698.79,-22449.66,RIYADH BANK IT VENDOR PMT,credit
2025-10-24,BANK CHARGES,-2995.70,-25445.36,BANK,debit
2025-10-24,AWS SUBSCRIPTION,-2179.17,-27624.53,AWS,debit
2025-10-24,TELECOM - MOBILY,-3567.78,-31192.31,MOBILY,debit
2025-10-25,BANK CHARGES,-1322.04,-32514.35,BANK,debit
2025-10-25,BANK CHARGES,-1598.92,-34113.27,BANK,debit
2025-10-25,SOFTWARE LICENSE - MICROSOFT,-666.02,-34779.29,MICROSOFT,debit
2025-10-25,OFFICE SUPPLIES,-1637.59,-36416.88,OFFICE,debit
2025-10-25,INWARD TT - RIYADH BANK IT VENDOR PMT,18006.81,-18410.07,RIYADH BANK IT VENDOR PMT,credit
2025-10-26,AWS SUBSCRIPTION,-2044.92,-20454.99,AWS,debit
2025-10-26,BANK CHARGES,-1904.22,-22359.21,BANK,debit
2025-10-26,SOFTWARE LICENSE - MICROSOFT,-1629.53,-23988.74,MICROSOFT,debit
2025-10-26,AWS SUBSCRIPTION,-1136.45,-25125.19,AWS,debit
2025-10-27,OFFICE SUPPLIES,-3593.70,-28718.89,OFFICE,debit
2025-10-27,FUEL - ALDREES,-1652.98,-30371.87,ALDREES,debit
2025-10-27,OFFICE SUPPLIES,-3896.31,-34268.18,OFFICE,debit
2025-10-27,TELECOM - MOBILY,-4078.03,-38346.21,MOBILY,debit
2025-10-27,INWARD TT - STC IT SUPPLIER,21777.02,-16569.19,STC IT SUPPLIER,credit
2025-10-28,TELECOM - MOBILY,-4204.66,-20773.85,MOBILY,debit
2025-10-28,FUEL - ALDREES,-1588.46,-22362.31,ALDREES,debit
2025-10-28,FUEL - ALDREES,-2358.60,-24720.91,ALDREES,debit
2025-10-28,INWARD TT - RIYADH BANK IT VENDOR PMT,7307.91,-17413.00,RIYADH BANK IT VENDOR PMT,credit
2025-10-28,INWARD TT - STC IT SUPPLIER,33806.20,16393.20,STC IT SUPPLIER,credit
2025-10-28,SALARY EMP00,-4734.85,11658.35,EMPLOYEE_00,debit
2025-10-28,SALARY EMP01,-10992.21,666.14,EMPLOYEE_01,debit
2025-10-28,SALARY EMP02,-7288.38,-6622.24,EMPLOYEE_02,debit
2025-10-28,SALARY EMP03,-5280.84,-11903.08,EMPLOYEE_03,debit
2025-10-28,SALARY EMP04,-10894.05,-22797.13,EMPLOYEE_04,debit
2025-10-28,SALARY EMP05,-9446.34,-32243.47,EMPLOYEE_05,debit
2025-10-28,SALARY EMP06,-10376.28,-42619.75,EMPLOYEE_06,debit
2025-10-29,OFFICE SUPPLIES,-1344.01,-43963.76,OFFICE,debit
2025-10-29,FUEL - ALDREES,-647.08,-44610.84,ALDREES,debit
2025-10-29,BANK CHARGES,-1670.72,-46281.56,BANK,debit
2025-10-29,AWS SUBSCRIPTION,-4006.06,-50287.62,AWS,debit
2025-10-29,SOFTWARE LICENSE - MICROSOFT,-4215.03,-54502.65,MICROSOFT,debit
2025-10-29,AWS SUBSCRIPTION,-2891.20,-57393.85,AWS,debit
2025-10-29,INWARD TT - STC IT SUPPLIER,17956.41,-39437.44,STC IT SUPPLIER,credit
2025-10-30,OFFICE SUPPLIES,-214.96,-39652.40,OFFICE,debit
2025-10-30,FUEL - ALDREES,-2641.56,-42293.96,ALDREES,debit
2025-10-30,AWS SUBSCRIPTION,-2061.58,-44355.54,AWS,debit
2025-10-30,BANK CHARGES,-3658.35,-48013.89,BANK,debit
2025-10-30,AWS SUBSCRIPTION,-3766.92,-51780.81,AWS,debit
2025-10-30,INWARD TT - RIYADH BANK IT VENDOR PMT,17524.51,-34256.30,RIYADH BANK IT VENDOR PMT,credit
2025-10-31,BANK CHARGES,-4045.73,-38302.03,BANK,debit
2025-10-31,AWS SUBSCRIPTION,-704.57,-39006.60,AWS,debit
2025-10-31,SOFTWARE LICENSE - MICROSOFT,-3525.33,-42531.93,MICROSOFT,debit
2025-10-31,AWS SUBSCRIPTION,-3865.63,-46397.56,AWS,debit
2025-10-31,AWS SUBSCRIPTION,-2155.84,-48553.40,AWS,debit
2025-10-31,INWARD TT - STC IT SUPPLIER,10162.89,-38390.51,STC IT SUPPLIER,credit
2025-10-31,INWARD TT - CRESCENT IT,75000.00,36609.49,CRESCENT IT,credit
2025-10-31,INWARD TT - RIYADH BANK IT VENDOR PMT,38051.04,74660.53,RIYADH BANK IT VENDOR PMT,credit
2025-10-31,OWN ACCT TRF FROM Abdullah AlHarbi,21879.37,96539.90,Abdullah AlHarbi,credit
2025-11-01,AWS SUBSCRIPTION,-1698.37,94841.53,AWS,debit
2025-11-01,TELECOM - MOBILY,-3662.49,91179.04,MOBILY,debit
2025-11-01,BANK CHARGES,-2752.46,88426.58,BANK,debit
2025-11-01,SOFTWARE LICENSE - MICROSOFT,-3623.82,84802.76,MICROSOFT,debit
2025-11-02,OFFICE SUPPLIES,-3987.02,80815.74,OFFICE,debit
2025-11-02,OFFICE SUPPLIES,-3521.81,77293.93,OFFICE,debit
2025-11-02,SOFTWARE LICENSE - MICROSOFT,-1452.79,75841.14,MICROSOFT,debit
2025-11-02,SOFTWARE LICENSE - MICROSOFT,-2417.84,73423.30,MICROSOFT,debit
2025-11-03,SOFTWARE LICENSE - MICROSOFT,-1276.45,72146.85,MICROSOFT,debit
2025-11-03,BANK CHARGES,-3718.10,68428.75,BANK,debit
2025-11-03,TELECOM - MOBILY,-3166.31,65262.44,MOBILY,debit
2025-11-03,INWARD TT - ALMUNAJEM FOODS CO IT DEPT,3618.33,68880.77,ALMUNAJEM FOODS CO IT DEPT,credit
2025-11-04,SOFTWARE LICENSE - MICROSOFT,-1203.75,67677.02,MICROSOFT,debit
2025-11-04,TELECOM - MOBILY,-1097.51,66579.51,MOBILY,debit
2025-11-04,SOFTWARE LICENSE - MICROSOFT,-1176.40,65403.11,MICROSOFT,debit
2025-11-04,TELECOM - MOBILY,-4153.76,61249.35,MOBILY,debit
2025-11-04,BANK CHARGES,-4464.69,56784.66,BANK,debit
2025-11-05,SOFTWARE LICENSE - MICROSOFT,-4218.75,52565.91,MICROSOFT,debit
2025-11-05,AWS SUBSCRIPTION,-3341.02,49224.89,AWS,debit
2025-11-05,OFFICE SUPPLIES,-1460.66,47764.23,OFFICE,debit
2025-11-05,OFFICE RENT - OLAYA TOWER LANDLORD,-18000.00,29764.23,OLAYA TOWER LANDLORD,debit
2025-11-06,FUEL - ALDREES,-3758.69,26005.54,ALDREES,debit
2025-11-06,OFFICE SUPPLIES,-384.62,25620.92,OFFICE,debit
2025-11-06,FUEL - ALDREES,-4383.91,21237.01,ALDREES,debit
2025-11-06,BANK CHARGES,-3122.90,18114.11,BANK,debit
2025-11-06,BANK CHARGES,-3810.03,14304.08,BANK,debit
2025-11-06,SOFTWARE LICENSE - MICROSOFT,-2659.37,11644.71,MICROSOFT,debit
2025-11-06,INWARD TT - ALMARAI IT SERVICES,3855.89,15500.60,ALMARAI IT SERVICES,credit
2025-11-07,FUEL - ALDREES,-2572.32,12928.28,ALDREES,debit
2025-11-07,FUEL - ALDREES,-289.48,12638.80,ALDREES,debit
2025-11-07,BANK CHARGES,-2800.82,9837.98,BANK,debit
2025-11-07,INWARD TT - RIYADH BANK IT VENDOR PMT,5890.16,15728.14,RIYADH BANK IT VENDOR PMT,credit
2025-11-07,INTERCOMPANY TRF FROM Hawk Tech FZ Branch,72567.36,88295.50,Hawk Tech FZ Branch,credit
2025-11-08,FUEL - ALDREES,-2819.85,85475.65,ALDREES,debit
2025-11-08,BANK CHARGES,-289.89,85185.76,BANK,debit
2025-11-08,SOFTWARE LICENSE - MICROSOFT,-1196.62,83989.14,MICROSOFT,debit
2025-11-09,OFFICE SUPPLIES,-1807.57,82181.57,OFFICE,debit
2025-11-09,BANK CHARGES,-230.70,81950.87,BANK,debit
2025-11-09,BANK CHARGES,-1625.62,80325.25,BANK,debit
2025-11-09,FUEL - ALDREES,-2179.22,78146.03,ALDREES,debit
2025-11-09,TELECOM - MOBILY,-2774.55,75371.48,MOBILY,debit
2025-11-09,BANK CHARGES,-2814.35,72557.13,BANK,debit
2025-11-10,OFFICE SUPPLIES,-4114.13,68443.00,OFFICE,debit
2025-11-10,BANK CHARGES,-4024.05,64418.95,BANK,debit
2025-11-10,TELECOM - MOBILY,-720.69,63698.26,MOBILY,debit
2025-11-10,SOFTWARE LICENSE - MICROSOFT,-1792.67,61905.59,MICROSOFT,debit
2025-11-11,OFFICE SUPPLIES,-302.01,61603.58,OFFICE,debit
2025-11-11,TELECOM - MOBILY,-1127.93,60475.65,MOBILY,debit
2025-11-11,FUEL - ALDREES,-2762.61,57713.04,ALDREES,debit
2025-11-12,AWS SUBSCRIPTION,-3236.20,54476.84,AWS,debit
2025-11-12,FUEL - ALDREES,-764.19,53712.65,ALDREES,debit
2025-11-12,TELECOM - MOBILY,-1106.49,52606.16,MOBILY,debit
2025-11-12,AWS SUBSCRIPTION,-1666.52,50939.64,AWS,debit
2025-11-12,INWARD TT - RIYADH BANK IT VENDOR PMT,18636.68,69576.32,RIYADH BANK IT VENDOR PMT,credit
2025-11-12,INWARD TT - PEAK ADVISORY GROUP,50000.00,119576.32,PEAK ADVISORY GROUP,credit
2025-11-13,AWS SUBSCRIPTION,-1866.62,117709.70,AWS,debit
2025-11-13,TELECOM - MOBILY,-1428.48,116281.22,MOBILY,debit
2025-11-13,BANK CHARGES,-3462.90,112818.32,BANK,debit
2025-11-13,INWARD TT - ALMARAI IT SERVICES,14639.55,127457.87,ALMARAI IT SERVICES,credit
2025-11-14,SOFTWARE LICENSE - MICROSOFT,-2273.82,125184.05,MICROSOFT,debit
2025-11-14,AWS SUBSCRIPTION,-2426.40,122757.65,AWS,debit
2025-11-14,FUEL - ALDREES,-1794.67,120962.98,ALDREES,debit
2025-11-15,BANK CHARGES,-2713.96,118249.02,BANK,debit
2025-11-15,FUEL - ALDREES,-4251.70,113997.32,ALDREES,debit
2025-11-15,OFFICE SUPPLIES,-1636.07,112361.25,OFFICE,debit
2025-11-15,TELECOM - MOBILY,-482.51,111878.74,MOBILY,debit
2025-11-15,OFFICE SUPPLIES,-872.01,111006.73,OFFICE,debit
2025-11-15,FUEL - ALDREES,-3301.85,107704.88,ALDREES,debit
2025-11-15,INWARD TT - STC IT SUPPLIER,7358.65,115063.53,STC IT SUPPLIER,credit
2025-11-16,OFFICE SUPPLIES,-2925.95,112137.58,OFFICE,debit
2025-11-16,TELECOM - MOBILY,-4242.62,107894.96,MOBILY,debit
2025-11-16,AWS SUBSCRIPTION,-1056.37,106838.59,AWS,debit
2025-11-16,TELECOM - MOBILY,-1501.01,105337.58,MOBILY,debit
2025-11-16,BANK CHARGES,-2953.53,102384.05,BANK,debit
2025-11-16,TELECOM - MOBILY,-3288.08,99095.97,MOBILY,debit
2025-11-16,OWN ACCT TRF FROM A AL HARBI PERSONAL,21892.36,120988.33,A AL HARBI PERSONAL,credit
2025-11-17,BANK CHARGES,-3029.31,117959.02,BANK,debit
2025-11-17,SOFTWARE LICENSE - MICROSOFT,-1288.61,116670.41,MICROSOFT,debit
2025-11-17,AWS SUBSCRIPTION,-2027.17,114643.24,AWS,debit
2025-11-17,TELECOM - MOBILY,-4024.53,110618.71,MOBILY,debit
2025-11-17,INWARD TT - PEAK ADVISORY GROUP,100000.00,210618.71,PEAK ADVISORY GROUP,credit
2025-11-18,AWS SUBSCRIPTION,-2591.22,208027.49,AWS,debit
2025-11-18,BANK CHARGES,-463.00,207564.49,BANK,debit
2025-11-18,TELECOM - MOBILY,-4325.48,203239.01,MOBILY,debit
2025-11-18,SOFTWARE LICENSE - MICROSOFT,-1570.07,201668.94,MICROSOFT,debit
2025-11-18,SOFTWARE LICENSE - MICROSOFT,-4201.54,197467.40,MICROSOFT,debit
2025-11-18,INWARD TT - RIYADH BANK IT VENDOR PMT,18524.78,215992.18,RIYADH BANK IT VENDOR PMT,credit
2025-11-19,OFFICE SUPPLIES,-1354.37,214637.81,OFFICE,debit
2025-11-19,BANK CHARGES,-1156.97,213480.84,BANK,debit
2025-11-19,BANK CHARGES,-3784.10,209696.74,BANK,debit
2025-11-19,INWARD TT - ALMUNAJEM FOODS CO IT DEPT,15188.89,224885.63,ALMUNAJEM FOODS CO IT DEPT,credit
2025-11-20,TELECOM - MOBILY,-3842.21,221043.42,MOBILY,debit
2025-11-20,SOFTWARE LICENSE - MICROSOFT,-1333.16,219710.26,MICROSOFT,debit
2025-11-20,FUEL - ALDREES,-2471.89,217238.37,ALDREES,debit
2025-11-20,TELECOM - MOBILY,-1663.91,215574.46,MOBILY,debit
2025-11-20,AWS SUBSCRIPTION,-2712.29,212862.17,AWS,debit
2025-11-21,BANK CHARGES,-2913.98,209948.19,BANK,debit
2025-11-21,TELECOM - MOBILY,-2599.37,207348.82,MOBILY,debit
2025-11-21,OFFICE SUPPLIES,-1815.60,205533.22,OFFICE,debit
2025-11-21,SOFTWARE LICENSE - MICROSOFT,-2067.12,203466.10,MICROSOFT,debit
2025-11-22,SOFTWARE LICENSE - MICROSOFT,-4356.46,199109.64,MICROSOFT,debit
2025-11-22,AWS SUBSCRIPTION,-351.30,198758.34,AWS,debit
2025-11-22,AWS SUBSCRIPTION,-2371.09,196387.25,AWS,debit
2025-11-22,WIRE OUT - OFFSHORE DEV CONTRACTOR PMT,-318735.02,-122347.77,OFFSHORE DEV CONTRACTOR,debit
2025-11-23,OFFICE SUPPLIES,-2963.74,-125311.51,OFFICE,debit
2025-11-23,FUEL - ALDREES,-4105.19,-129416.70,ALDREES,debit
2025-11-23,BANK CHARGES,-4217.83,-133634.53,BANK,debit
2025-11-23,SOFTWARE LICENSE - MICROSOFT,-971.20,-134605.73,MICROSOFT,debit
2025-11-23,FUEL - ALDREES,-3735.40,-138341.13,ALDREES,debit
2025-11-23,BANK CHARGES,-4452.72,-142793.85,BANK,debit
2025-11-24,TELECOM - MOBILY,-1315.10,-144108.95,MOBILY,debit
2025-11-24,OFFICE SUPPLIES,-4178.18,-148287.13,OFFICE,debit
2025-11-24,SOFTWARE LICENSE - MICROSOFT,-3058.16,-151345.29,MICROSOFT,debit
2025-11-24,SOFTWARE LICENSE - MICROSOFT,-2829.54,-154174.83,MICROSOFT,debit
2025-11-24,BANK CHARGES,-339.85,-154514.68,BANK,debit
2025-11-24,FUEL - ALDREES,-317.73,-154832.41,ALDREES,debit
2025-11-24,INWARD TT - ALMUNAJEM FOODS CO IT DEPT,6557.97,-148274.44,ALMUNAJEM FOODS CO IT DEPT,credit
2025-11-25,OFFICE SUPPLIES,-1662.30,-149936.74,OFFICE,debit
2025-11-25,SOFTWARE LICENSE - MICROSOFT,-3064.82,-153001.56,MICROSOFT,debit
2025-11-25,BANK CHARGES,-3749.26,-156750.82,BANK,debit
2025-11-25,AWS SUBSCRIPTION,-2532.77,-159283.59,AWS,debit
2025-11-25,AWS SUBSCRIPTION,-4046.48,-163330.07,AWS,debit
2025-11-25,INWARD TT - ALMUNAJEM FOODS CO IT DEPT,16419.88,-146910.19,ALMUNAJEM FOODS CO IT DEPT,credit
2025-11-25,INWARD TT - OMEGA NET,75000.00,-71910.19,OMEGA NET,credit
2025-11-26,FUEL - ALDREES,-951.78,-72861.97,ALDREES,debit
2025-11-26,OFFICE SUPPLIES,-2440.13,-75302.10,OFFICE,debit
2025-11-26,OFFICE SUPPLIES,-1533.08,-76835.18,OFFICE,debit
2025-11-26,INTERCOMPANY TRF FROM HAWK HOLDINGS,72338.50,-4496.68,HAWK HOLDINGS,credit
2025-11-27,TELECOM - MOBILY,-3159.01,-7655.69,MOBILY,debit
2025-11-27,BANK CHARGES,-1256.98,-8912.67,BANK,debit
2025-11-27,AWS SUBSCRIPTION,-3490.22,-12402.89,AWS,debit
2025-11-27,TELECOM - MOBILY,-3726.73,-16129.62,MOBILY,debit
2025-11-27,AWS SUBSCRIPTION,-567.37,-16696.99,AWS,debit
2025-11-28,BANK CHARGES,-1179.40,-17876.39,BANK,debit
2025-11-28,FUEL - ALDREES,-4194.45,-22070.84,ALDREES,debit
2025-11-28,AWS SUBSCRIPTION,-1942.66,-24013.50,AWS,debit
2025-11-28,AWS SUBSCRIPTION,-4415.44,-28428.94,AWS,debit
2025-11-28,INWARD TT - STC IT SUPPLIER,18523.89,-9905.05,STC IT SUPPLIER,credit
2025-11-28,INWARD TT - PEAK ADVISORY GROUP,35783.52,25878.47,PEAK ADVISORY GROUP,credit
2025-11-28,SALARY EMP00,-15122.84,10755.63,EMPLOYEE_00,debit
2025-11-28,SALARY EMP01,-4530.81,6224.82,EMPLOYEE_01,debit
2025-11-28,SALARY EMP02,-8786.30,-2561.48,EMPLOYEE_02,debit
2025-11-28,SALARY EMP03,-6157.44,-8718.92,EMPLOYEE_03,debit
2025-11-28,SALARY EMP04,-8828.45,-17547.37,EMPLOYEE_04,debit
2025-11-28,SALARY EMP05,-10086.86,-27634.23,EMPLOYEE_05,debit
2025-11-28,SALARY EMP06,-9517.10,-37151.33,EMPLOYEE_06,debit
2025-11-29,SOFTWARE LICENSE - MICROSOFT,-3047.62,-40198.95,MICROSOFT,debit
2025-11-29,AWS SUBSCRIPTION,-345.90,-40544.85,AWS,debit
2025-11-29,FUEL - ALDREES,-950.50,-41495.35,ALDREES,debit
2025-11-29,FUEL - ALDREES,-3766.01,-45261.36,ALDREES,debit
2025-11-29,SOFTWARE LICENSE - MICROSOFT,-1952.07,-47213.43,MICROSOFT,debit
2025-11-29,TELECOM - MOBILY,-695.85,-47909.28,MOBILY,debit
2025-11-29,INWARD TT - RIYADH BANK IT VENDOR PMT,42302.61,-5606.67,RIYADH BANK IT VENDOR PMT,credit
2025-11-29,INWARD TT - ALMUNAJEM FOODS CO IT DEPT,35981.65,30374.98,ALMUNAJEM FOODS CO IT DEPT,credit
2025-11-29,INWARD TT - PEAK ADVISORY GROUP,21010.36,51385.34,PEAK ADVISORY GROUP,credit
2025-11-30,OFFICE SUPPLIES,-1715.94,49669.40,OFFICE,debit
2025-11-30,FUEL - ALDREES,-1534.58,48134.82,ALDREES,debit
2025-11-30,SOFTWARE LICENSE - MICROSOFT,-3208.04,44926.78,MICROSOFT,debit
2025-11-30,BANK CHARGES,-2353.02,42573.76,BANK,debit
2025-11-30,BANK CHARGES,-2640.12,39933.64,BANK,debit
2025-11-30,OFFICE SUPPLIES,-960.37,38973.27,OFFICE,debit
2025-11-30,INWARD TT - PEAK ADVISORY GROUP,53697.51,92670.78,PEAK ADVISORY GROUP,credit
2025-12-01,OFFICE SUPPLIES,-3415.73,89255.05,OFFICE,debit
2025-12-01,BANK CHARGES,-3769.89,85485.16,BANK,debit
2025-12-01,AWS SUBSCRIPTION,-2638.65,82846.51,AWS,debit
2025-12-01,SOFTWARE LICENSE - MICROSOFT,-2620.46,80226.05,MICROSOFT,debit
2025-12-02,OFFICE SUPPLIES,-1122.31,79103.74,OFFICE,debit
2025-12-02,FUEL - ALDREES,-3272.51,75831.23,ALDREES,debit
2025-12-02,TELECOM - MOBILY,-1709.05,74122.18,MOBILY,debit
2025-12-03,SOFTWARE LICENSE - MICROSOFT,-217.07,73905.11,MICROSOFT,debit
2025-12-03,OFFICE SUPPLIES,-1518.66,72386.45,OFFICE,debit
2025-12-03,SOFTWARE LICENSE - MICROSOFT,-3159.38,69227.07,MICROSOFT,debit
2025-12-03,INWARD TT - VERTEX CONSULTANCY,50000.00,119227.07,VERTEX CONSULTANCY,credit
2025-12-04,OFFICE SUPPLIES,-3238.59,115988.48,OFFICE,debit
2025-12-04,FUEL - ALDREES,-4001.12,111987.36,ALDREES,debit
2025-12-04,OFFICE SUPPLIES,-1888.92,110098.44,OFFICE,debit
2025-12-04,SOFTWARE LICENSE - MICROSOFT,-444.68,109653.76,MICROSOFT,debit
2025-12-04,SOFTWARE LICENSE - MICROSOFT,-1160.25,108493.51,MICROSOFT,debit
2025-12-04,INWARD TT - STC IT SUPPLIER,19013.41,127506.92,STC IT SUPPLIER,credit
2025-12-05,OFFICE SUPPLIES,-3594.56,123912.36,OFFICE,debit
2025-12-05,FUEL - ALDREES,-2474.51,121437.85,ALDREES,debit
2025-12-05,BANK CHARGES,-3866.78,117571.07,BANK,debit
2025-12-05,OFFICE RENT - OLAYA TOWER LANDLORD,-18000.00,99571.07,OLAYA TOWER LANDLORD,debit
2025-12-06,FUEL - ALDREES,-895.00,98676.07,ALDREES,debit
2025-12-06,AWS SUBSCRIPTION,-3505.91,95170.16,AWS,debit
2025-12-06,BANK CHARGES,-1523.29,93646.87,BANK,debit
2025-12-06,TELECOM - MOBILY,-2696.89,90949.98,MOBILY,debit
2025-12-06,TELECOM - MOBILY,-2611.98,88338.00,MOBILY,debit
2025-12-06,AWS SUBSCRIPTION,-4368.84,83969.16,AWS,debit
2025-12-07,FUEL - ALDREES,-1287.48,82681.68,ALDREES,debit
2025-12-07,TELECOM - MOBILY,-4250.45,78431.23,MOBILY,debit
2025-12-07,OFFICE SUPPLIES,-3037.14,75394.09,OFFICE,debit
2025-12-07,OFFICE SUPPLIES,-3615.14,71778.95,OFFICE,debit
2025-12-07,FUEL - ALDREES,-1183.89,70595.06,ALDREES,debit
2025-12-07,OFFICE SUPPLIES,-4063.75,66531.31,OFFICE,debit
2025-12-08,FUEL - ALDREES,-3439.55,63091.76,ALDREES,debit
2025-12-08,FUEL - ALDREES,-455.13,62636.63,ALDREES,debit
2025-12-08,BANK CHARGES,-661.63,61975.00,BANK,debit
2025-12-08,TELECOM - MOBILY,-2231.13,59743.87,MOBILY,debit
2025-12-09,SOFTWARE LICENSE - MICROSOFT,-1916.57,57827.30,MICROSOFT,debit
2025-12-09,FUEL - ALDREES,-600.33,57226.97,ALDREES,debit
2025-12-09,OFFICE SUPPLIES,-1093.40,56133.57,OFFICE,debit
2025-12-10,BANK CHARGES,-3983.96,52149.61,BANK,debit
2025-12-10,FUEL - ALDREES,-2754.60,49395.01,ALDREES,debit
2025-12-10,SOFTWARE LICENSE - MICROSOFT,-458.04,48936.97,MICROSOFT,debit
2025-12-10,AWS SUBSCRIPTION,-329.43,48607.54,AWS,debit
2025-12-10,INWARD TT - ALMUNAJEM FOODS CO IT DEPT,13733.24,62340.78,ALMUNAJEM FOODS CO IT DEPT,credit
2025-12-11,SOFTWARE LICENSE - MICROSOFT,-3549.88,58790.90,MICROSOFT,debit
2025-12-11,TELECOM - MOBILY,-824.26,57966.64,MOBILY,debit
2025-12-11,FUEL - ALDREES,-415.08,57551.56,ALDREES,debit
2025-12-11,AWS SUBSCRIPTION,-2653.79,54897.77,AWS,debit
2025-12-11,INWARD TT - STC IT SUPPLIER,8946.57,63844.34,STC IT SUPPLIER,credit
2025-12-12,SOFTWARE LICENSE - MICROSOFT,-1017.22,62827.12,MICROSOFT,debit
2025-12-12,BANK CHARGES,-2218.50,60608.62,BANK,debit
2025-12-12,BANK CHARGES,-2825.21,57783.41,BANK,debit
2025-12-12,SOFTWARE LICENSE - MICROSOFT,-2607.78,55175.63,MICROSOFT,debit
2025-12-12,OFFICE SUPPLIES,-3643.55,51532.08,OFFICE,debit
2025-12-12,INWARD TT - RIYADH BANK IT VENDOR PMT,14146.51,65678.59,RIYADH BANK IT VENDOR PMT,credit
2025-12-13,SOFTWARE LICENSE - MICROSOFT,-1123.10,64555.49,MICROSOFT,debit
2025-12-13,TELECOM - MOBILY,-2890.77,61664.72,MOBILY,debit
2025-12-13,TELECOM - MOBILY,-3834.67,57830.05,MOBILY,debit
2025-12-13,AWS SUBSCRIPTION,-3717.76,54112.29,AWS,debit
2025-12-13,INWARD TT - STC IT SUPPLIER,20454.90,74567.19,STC IT SUPPLIER,credit
2025-12-14,AWS SUBSCRIPTION,-1386.54,73180.65,AWS,debit
2025-12-14,FUEL - ALDREES,-2479.90,70700.75,ALDREES,debit
2025-12-14,OFFICE SUPPLIES,-286.51,70414.24,OFFICE,debit
2025-12-14,AWS SUBSCRIPTION,-4278.35,66135.89,AWS,debit
2025-12-14,FUEL - ALDREES,-3694.22,62441.67,ALDREES,debit
2025-12-15,SOFTWARE LICENSE - MICROSOFT,-237.32,62204.35,MICROSOFT,debit
2025-12-15,FUEL - ALDREES,-4025.76,58178.59,ALDREES,debit
2025-12-15,TELECOM - MOBILY,-4493.65,53684.94,MOBILY,debit
2025-12-15,AWS SUBSCRIPTION,-3815.29,49869.65,AWS,debit
2025-12-15,OFFICE SUPPLIES,-1138.47,48731.18,OFFICE,debit
2025-12-16,TELECOM - MOBILY,-1794.22,46936.96,MOBILY,debit
2025-12-16,TELECOM - MOBILY,-1739.86,45197.10,MOBILY,debit
2025-12-16,BANK CHARGES,-2085.95,43111.15,BANK,debit
2025-12-17,AWS SUBSCRIPTION,-943.58,42167.57,AWS,debit
2025-12-17,SOFTWARE LICENSE - MICROSOFT,-2742.44,39425.13,MICROSOFT,debit
2025-12-17,AWS SUBSCRIPTION,-3821.39,35603.74,AWS,debit
2025-12-17,OFFICE SUPPLIES,-287.15,35316.59,OFFICE,debit
2025-12-17,TELECOM - MOBILY,-2967.60,32348.99,MOBILY,debit
2025-12-17,INWARD TT - STC IT SUPPLIER,8084.42,40433.41,STC IT SUPPLIER,credit
2025-12-18,OFFICE SUPPLIES,-1061.17,39372.24,OFFICE,debit
2025-12-18,BANK CHARGES,-2756.14,36616.10,BANK,debit
2025-12-18,OFFICE SUPPLIES,-3516.51,33099.59,OFFICE,debit
2025-12-18,BANK CHARGES,-560.75,32538.84,BANK,debit
2025-12-18,FUEL - ALDREES,-2553.21,29985.63,ALDREES,debit
2025-12-18,INWARD TT - ALMARAI IT SERVICES,10575.89,40561.52,ALMARAI IT SERVICES,credit
2025-12-18,INTERCOMPANY TRF FROM Hawk Tech FZ Branch,25633.94,66195.46,Hawk Tech FZ Branch,credit
2025-12-19,SOFTWARE LICENSE - MICROSOFT,-3351.00,62844.46,MICROSOFT,debit
2025-12-19,AWS SUBSCRIPTION,-2072.24,60772.22,AWS,debit
2025-12-19,BANK CHARGES,-553.51,60218.71,BANK,debit
2025-12-19,BANK CHARGES,-2482.88,57735.83,BANK,debit
2025-12-19,FUEL - ALDREES,-1645.23,56090.60,ALDREES,debit
2025-12-19,AWS SUBSCRIPTION,-2216.05,53874.55,AWS,debit
2025-12-20,TELECOM - MOBILY,-1878.82,51995.73,MOBILY,debit
2025-12-20,OFFICE SUPPLIES,-3024.93,48970.80,OFFICE,debit
2025-12-20,AWS SUBSCRIPTION,-362.37,48608.43,AWS,debit
2025-12-20,FUEL - ALDREES,-3407.56,45200.87,ALDREES,debit
2025-12-20,INWARD TT - ZENITH SERVICES,75000.00,120200.87,ZENITH SERVICES,credit
2025-12-21,BANK CHARGES,-4267.09,115933.78,BANK,debit
2025-12-21,OFFICE SUPPLIES,-278.42,115655.36,OFFICE,debit
2025-12-21,OFFICE SUPPLIES,-240.68,115414.68,OFFICE,debit
2025-12-21,TELECOM - MOBILY,-3263.87,112150.81,MOBILY,debit
2025-12-22,TELECOM - MOBILY,-1671.13,110479.68,MOBILY,debit
2025-12-22,AWS SUBSCRIPTION,-2028.59,108451.09,AWS,debit
2025-12-22,TELECOM - MOBILY,-4245.14,104205.95,MOBILY,debit
2025-12-22,OFFICE SUPPLIES,-2511.63,101694.32,OFFICE,debit
2025-12-22,WIRE OUT - OFFSHORE DEV CONTRACTOR PMT,-256705.79,-155011.47,OFFSHORE DEV CONTRACTOR,debit
2025-12-23,FUEL - ALDREES,-2396.78,-157408.25,ALDREES,debit
2025-12-23,TELECOM - MOBILY,-2276.52,-159684.77,MOBILY,debit
2025-12-23,FUEL - ALDREES,-315.18,-159999.95,ALDREES,debit
2025-12-23,TELECOM - MOBILY,-1932.74,-161932.69,MOBILY,debit
2025-12-23,OFFICE SUPPLIES,-3080.45,-165013.14,OFFICE,debit
2025-12-23,INWARD TT - RIYADH BANK IT VENDOR PMT,11765.47,-153247.67,RIYADH BANK IT VENDOR PMT,credit
2025-12-23,INTERCOMPANY TRF FROM HAWK HOLDINGS,40963.06,-112284.61,HAWK HOLDINGS,credit
2025-12-24,TELECOM - MOBILY,-2283.57,-114568.18,MOBILY,debit
2025-12-24,FUEL - ALDREES,-1426.63,-115994.81,ALDREES,debit
2025-12-24,TELECOM - MOBILY,-3411.02,-119405.83,MOBILY,debit
2025-12-24,AWS SUBSCRIPTION,-1320.63,-120726.46,AWS,debit
2025-12-24,BANK CHARGES,-521.34,-121247.80,BANK,debit
2025-12-24,SOFTWARE LICENSE - MICROSOFT,-3637.60,-124885.40,MICROSOFT,debit
2025-12-24,INWARD TT - ALMUNAJEM FOODS CO IT DEPT,7995.94,-116889.46,ALMUNAJEM FOODS CO IT DEPT,credit
2025-12-24,INWARD TT - VERTEX CONSULTANCY,100000.00,-16889.46,VERTEX CONSULTANCY,credit
2025-12-25,BANK CHARGES,-4173.94,-21063.40,BANK,debit
2025-12-25,FUEL - ALDREES,-1688.98,-22752.38,ALDREES,debit
2025-12-25,TELECOM - MOBILY,-306.75,-23059.13,MOBILY,debit
2025-12-25,BANK CHARGES,-4165.60,-27224.73,BANK,debit
2025-12-25,INTERCOMPANY TRF FROM HAWK HLD GRP,31668.92,4444.19,HAWK HLD GRP,credit
2025-12-26,AWS SUBSCRIPTION,-1847.58,2596.61,AWS,debit
2025-12-26,AWS SUBSCRIPTION,-2835.53,-238.92,AWS,debit
2025-12-26,AWS SUBSCRIPTION,-3933.42,-4172.34,AWS,debit
2025-12-26,SOFTWARE LICENSE - MICROSOFT,-724.16,-4896.50,MICROSOFT,debit
2025-12-26,AWS SUBSCRIPTION,-1019.17,-5915.67,AWS,debit
2025-12-26,AWS SUBSCRIPTION,-2297.15,-8212.82,AWS,debit
2025-12-27,FUEL - ALDREES,-3082.52,-11295.34,ALDREES,debit
2025-12-27,BANK CHARGES,-2665.20,-13960.54,BANK,debit
2025-12-27,BANK CHARGES,-2764.64,-16725.18,BANK,debit
2025-12-27,FUEL - ALDREES,-3453.61,-20178.79,ALDREES,debit
2025-12-27,OFFICE SUPPLIES,-1006.38,-21185.17,OFFICE,debit
2025-12-27,SOFTWARE LICENSE - MICROSOFT,-3061.32,-24246.49,MICROSOFT,debit
2025-12-27,INWARD TT - ALMUNAJEM FOODS CO IT DEPT,3792.61,-20453.88,ALMUNAJEM FOODS CO IT DEPT,credit
2025-12-28,BANK CHARGES,-3288.09,-23741.97,BANK,debit
2025-12-28,OFFICE SUPPLIES,-1697.33,-25439.30,OFFICE,debit
2025-12-28,FUEL - ALDREES,-2539.98,-27979.28,ALDREES,debit
2025-12-28,INWARD TT - ALMARAI IT SERVICES,38549.58,10570.30,ALMARAI IT SERVICES,credit
2025-12-28,INWARD TT - ALMUNAJEM FOODS CO IT DEPT,56039.87,66610.17,ALMUNAJEM FOODS CO IT DEPT,credit
2025-12-28,SALARY EMP00,-6867.13,59743.04,EMPLOYEE_00,debit
2025-12-28,SALARY EMP01,-12893.25,46849.79,EMPLOYEE_01,debit
2025-12-28,SALARY EMP02,-15101.96,31747.83,EMPLOYEE_02,debit
2025-12-28,SALARY EMP03,-6682.40,25065.43,EMPLOYEE_03,debit
2025-12-28,SALARY EMP04,-11290.61,13774.82,EMPLOYEE_04,debit
2025-12-28,SALARY EMP05,-10028.24,3746.58,EMPLOYEE_05,debit
2025-12-28,SALARY EMP06,-4187.21,-440.63,EMPLOYEE_06,debit
2025-12-29,OFFICE SUPPLIES,-3620.14,-4060.77,OFFICE,debit
2025-12-29,BANK CHARGES,-335.70,-4396.47,BANK,debit
2025-12-29,SOFTWARE LICENSE - MICROSOFT,-1088.46,-5484.93,MICROSOFT,debit
2025-12-29,AWS SUBSCRIPTION,-1387.65,-6872.58,AWS,debit
2025-12-29,SOFTWARE LICENSE - MICROSOFT,-1563.91,-8436.49,MICROSOFT,debit
2025-12-29,INWARD TT - RIYADH BANK IT VENDOR PMT,49679.04,41242.55,RIYADH BANK IT VENDOR PMT,credit
2025-12-29,INWARD TT - ALMUNAJEM FOODS CO IT DEPT,26205.57,67448.12,ALMUNAJEM FOODS CO IT DEPT,credit
2025-12-29,INWARD TT - ALMARAI IT SERVICES,34037.05,101485.17,ALMARAI IT SERVICES,credit
2025-12-30,SOFTWARE LICENSE - MICROSOFT,-710.86,100774.31,MICROSOFT,debit
2025-12-30,OFFICE SUPPLIES,-2794.10,97980.21,OFFICE,debit
2025-12-30,FUEL - ALDREES,-1072.95,96907.26,ALDREES,debit
2025-12-30,FUEL - ALDREES,-1952.31,94954.95,ALDREES,debit
2025-12-30,AWS SUBSCRIPTION,-2442.04,92512.91,AWS,debit
2025-12-30,INWARD TT - AL FANAR ENTERPRISES,75000.00,167512.91,AL FANAR ENTERPRISES,credit
2025-12-30,INWARD TT - STC IT SUPPLIER,21732.76,189245.67,STC IT SUPPLIER,credit
2025-12-30,INWARD TT - ALMARAI IT SERVICES,35264.24,224509.91,ALMARAI IT SERVICES,credit
2025-12-31,BANK CHARGES,-4475.32,220034.59,BANK,debit
2025-12-31,FUEL - ALDREES,-2174.63,217859.96,ALDREES,debit
2025-12-31,OFFICE SUPPLIES,-982.21,216877.75,OFFICE,debit
2025-12-31,FUEL - ALDREES,-3251.97,213625.78,ALDREES,debit
2025-12-31,FUEL - ALDREES,-3217.27,210408.51,ALDREES,debit
2025-12-31,OFFICE SUPPLIES,-613.32,209795.19,OFFICE,debit
2025-12-31,INWARD TT - PEAK ADVISORY GROUP,32040.15,241835.34,PEAK ADVISORY GROUP,credit
2026-01-01,SOFTWARE LICENSE - MICROSOFT,-4169.05,237666.29,MICROSOFT,debit
2026-01-01,FUEL - ALDREES,-4487.77,233178.52,ALDREES,debit
2026-01-01,BANK CHARGES,-1571.49,231607.03,BANK,debit
2026-01-01,FUEL - ALDREES,-3018.19,228588.84,ALDREES,debit
2026-01-02,AWS SUBSCRIPTION,-4454.70,224134.14,AWS,debit
2026-01-02,FUEL - ALDREES,-2980.42,221153.72,ALDREES,debit
2026-01-02,TELECOM - MOBILY,-1231.59,219922.13,MOBILY,debit
2026-01-03,FUEL - ALDREES,-2864.86,217057.27,ALDREES,debit
2026-01-03,OFFICE SUPPLIES,-4179.53,212877.74,OFFICE,debit
2026-01-03,OFFICE SUPPLIES,-1765.94,211111.80,OFFICE,debit
2026-01-04,FUEL - ALDREES,-832.48,210279.32,ALDREES,debit
2026-01-04,SOFTWARE LICENSE - MICROSOFT,-4392.38,205886.94,MICROSOFT,debit
2026-01-04,AWS SUBSCRIPTION,-3701.04,202185.90,AWS,debit
2026-01-04,FUEL - ALDREES,-1331.78,200854.12,ALDREES,debit
2026-01-04,OFFICE SUPPLIES,-966.77,199887.35,OFFICE,debit
2026-01-04,INWARD TT - BLUE HORIZON SOLUTIONS LLC,100000.00,299887.35,BLUE HORIZON SOLUTIONS LLC,credit
2026-01-05,FUEL - ALDREES,-2493.61,297393.74,ALDREES,debit
2026-01-05,AWS SUBSCRIPTION,-2059.74,295334.00,AWS,debit
2026-01-05,AWS SUBSCRIPTION,-994.03,294339.97,AWS,debit
2026-01-05,OFFICE RENT - OLAYA TOWER LANDLORD,-18000.00,276339.97,OLAYA TOWER LANDLORD,debit
2026-01-06,TELECOM - MOBILY,-1213.50,275126.47,MOBILY,debit
2026-01-06,OFFICE SUPPLIES,-2573.70,272552.77,OFFICE,debit
2026-01-06,FUEL - ALDREES,-1149.28,271403.49,ALDREES,debit
2026-01-06,INWARD TT - ALMARAI IT SERVICES,7411.46,278814.95,ALMARAI IT SERVICES,credit
2026-01-06,INWARD TT - ZENITH SERVICES,75000.00,353814.95,ZENITH SERVICES,credit
2026-01-07,TELECOM - MOBILY,-1108.37,352706.58,MOBILY,debit
2026-01-07,BANK CHARGES,-1687.16,351019.42,BANK,debit
2026-01-07,TELECOM - MOBILY,-1881.83,349137.59,MOBILY,debit
2026-01-07,OFFICE SUPPLIES,-1242.86,347894.73,OFFICE,debit
2026-01-07,INWARD TT - STC IT SUPPLIER,14082.58,361977.31,STC IT SUPPLIER,credit
2026-01-08,BANK CHARGES,-3166.93,358810.38,BANK,debit
2026-01-08,OFFICE SUPPLIES,-322.26,358488.12,OFFICE,debit
2026-01-08,TELECOM - MOBILY,-3727.21,354760.91,MOBILY,debit
2026-01-08,FUEL - ALDREES,-3013.68,351747.23,ALDREES,debit
2026-01-08,OFFICE SUPPLIES,-1669.14,350078.09,OFFICE,debit
2026-01-08,INWARD TT - STC IT SUPPLIER,17458.83,367536.92,STC IT SUPPLIER,credit
2026-01-09,SOFTWARE LICENSE - MICROSOFT,-743.03,366793.89,MICROSOFT,debit
2026-01-09,OFFICE SUPPLIES,-1077.77,365716.12,OFFICE,debit
2026-01-09,AWS SUBSCRIPTION,-1075.87,364640.25,AWS,debit
2026-01-09,BANK CHARGES,-4373.87,360266.38,BANK,debit
2026-01-09,INWARD TT - ALMUNAJEM FOODS CO IT DEPT,3806.66,364073.04,ALMUNAJEM FOODS CO IT DEPT,credit
2026-01-09,INWARD TT - OMEGA NET,75000.00,439073.04,OMEGA NET,credit
2026-01-10,OFFICE SUPPLIES,-545.97,438527.07,OFFICE,debit
2026-01-10,FUEL - ALDREES,-1215.07,437312.00,ALDREES,debit
2026-01-10,BANK CHARGES,-2578.41,434733.59,BANK,debit
2026-01-10,FUEL - ALDREES,-306.77,434426.82,ALDREES,debit
2026-01-11,OFFICE SUPPLIES,-801.08,433625.74,OFFICE,debit
2026-01-11,FUEL - ALDREES,-3839.95,429785.79,ALDREES,debit
2026-01-11,SOFTWARE LICENSE - MICROSOFT,-3759.82,426025.97,MICROSOFT,debit
2026-01-11,TELECOM - MOBILY,-3297.57,422728.40,MOBILY,debit
2026-01-12,FUEL - ALDREES,-3771.43,418956.97,ALDREES,debit
2026-01-12,TELECOM - MOBILY,-1652.59,417304.38,MOBILY,debit
2026-01-12,TELECOM - MOBILY,-549.22,416755.16,MOBILY,debit
2026-01-12,FUEL - ALDREES,-760.11,415995.05,ALDREES,debit
2026-01-12,INWARD TT - BLUE HORIZON SOLUTIONS LLC,100000.00,515995.05,BLUE HORIZON SOLUTIONS LLC,credit
2026-01-13,OFFICE SUPPLIES,-1850.10,514144.95,OFFICE,debit
2026-01-13,BANK CHARGES,-234.89,513910.06,BANK,debit
2026-01-13,OFFICE SUPPLIES,-4176.56,509733.50,OFFICE,debit
2026-01-13,FUEL - ALDREES,-2038.38,507695.12,ALDREES,debit
2026-01-14,FUEL - ALDREES,-3690.33,504004.79,ALDREES,debit
2026-01-14,SOFTWARE LICENSE - MICROSOFT,-1647.68,502357.11,MICROSOFT,debit
2026-01-14,FUEL - ALDREES,-1529.88,500827.23,ALDREES,debit
2026-01-14,TELECOM - MOBILY,-3188.93,497638.30,MOBILY,debit
2026-01-14,OFFICE SUPPLIES,-3153.17,494485.13,OFFICE,debit
2026-01-15,SOFTWARE LICENSE - MICROSOFT,-270.93,494214.20,MICROSOFT,debit
2026-01-15,SOFTWARE LICENSE - MICROSOFT,-559.51,493654.69,MICROSOFT,debit
2026-01-15,AWS SUBSCRIPTION,-1935.52,491719.17,AWS,debit
2026-01-15,BANK CHARGES,-4420.03,487299.14,BANK,debit
2026-01-15,OFFICE SUPPLIES,-393.18,486905.96,OFFICE,debit
2026-01-15,BANK CHARGES,-1067.48,485838.48,BANK,debit
2026-01-16,SOFTWARE LICENSE - MICROSOFT,-1726.20,484112.28,MICROSOFT,debit
2026-01-16,OFFICE SUPPLIES,-912.32,483199.96,OFFICE,debit
2026-01-16,SOFTWARE LICENSE - MICROSOFT,-2822.84,480377.12,MICROSOFT,debit
2026-01-16,INWARD TT - ALMUNAJEM FOODS CO IT DEPT,7730.77,488107.89,ALMUNAJEM FOODS CO IT DEPT,credit
2026-01-16,INWARD TT - CRESCENT IT,75000.00,563107.89,CRESCENT IT,credit
2026-01-17,TELECOM - MOBILY,-999.40,562108.49,MOBILY,debit
2026-01-17,BANK CHARGES,-3404.47,558704.02,BANK,debit
2026-01-17,OFFICE SUPPLIES,-2559.46,556144.56,OFFICE,debit
2026-01-17,FUEL - ALDREES,-3173.98,552970.58,ALDREES,debit
2026-01-17,INWARD TT - STC IT SUPPLIER,11366.01,564336.59,STC IT SUPPLIER,credit
2026-01-17,INTERCOMPANY TRF FROM HAWK HLD GRP,62136.21,626472.80,HAWK HLD GRP,credit
2026-01-18,FUEL - ALDREES,-1497.02,624975.78,ALDREES,debit
2026-01-18,OFFICE SUPPLIES,-1969.81,623005.97,OFFICE,debit
2026-01-18,AWS SUBSCRIPTION,-486.61,622519.36,AWS,debit
2026-01-18,SOFTWARE LICENSE - MICROSOFT,-3263.84,619255.52,MICROSOFT,debit
2026-01-18,TELECOM - MOBILY,-2607.23,616648.29,MOBILY,debit
2026-01-18,AWS SUBSCRIPTION,-1121.29,615527.00,AWS,debit
2026-01-18,INTERCOMPANY TRF FROM Hawk Tech FZ Branch,40740.01,656267.01,Hawk Tech FZ Branch,credit
2026-01-19,TELECOM - MOBILY,-1693.90,654573.11,MOBILY,debit
2026-01-19,AWS SUBSCRIPTION,-2295.30,652277.81,AWS,debit
2026-01-19,FUEL - ALDREES,-4375.18,647902.63,ALDREES,debit
2026-01-19,AWS SUBSCRIPTION,-4198.46,643704.17,AWS,debit
2026-01-19,SOFTWARE LICENSE - MICROSOFT,-3742.14,639962.03,MICROSOFT,debit
2026-01-20,BANK CHARGES,-4098.23,635863.80,BANK,debit
2026-01-20,OFFICE SUPPLIES,-4356.48,631507.32,OFFICE,debit
2026-01-20,AWS SUBSCRIPTION,-2438.36,629068.96,AWS,debit
2026-01-20,INWARD TT - AL FANAR ENTERPRISES,75000.00,704068.96,AL FANAR ENTERPRISES,credit
2026-01-20,OWN ACCT TRF FROM A AL HARBI PERSONAL,15810.89,719879.85,A AL HARBI PERSONAL,credit
2026-01-21,SOFTWARE LICENSE - MICROSOFT,-4329.91,715549.94,MICROSOFT,debit
2026-01-21,OFFICE SUPPLIES,-3861.11,711688.83,OFFICE,debit
2026-01-21,AWS SUBSCRIPTION,-2441.57,709247.26,AWS,debit
2026-01-22,TELECOM - MOBILY,-3709.38,705537.88,MOBILY,debit
2026-01-22,TELECOM - MOBILY,-1874.21,703663.67,MOBILY,debit
2026-01-22,BANK CHARGES,-3899.35,699764.32,BANK,debit
2026-01-22,FUEL - ALDREES,-1529.78,698234.54,ALDREES,debit
2026-01-22,TELECOM - MOBILY,-1221.44,697013.10,MOBILY,debit
2026-01-22,WIRE OUT - OFFSHORE DEV CONTRACTOR PMT,-319666.44,377346.66,OFFSHORE DEV CONTRACTOR,debit
2026-01-23,TELECOM - MOBILY,-3371.18,373975.48,MOBILY,debit
2026-01-23,TELECOM - MOBILY,-2097.55,371877.93,MOBILY,debit
2026-01-23,OFFICE SUPPLIES,-1704.79,370173.14,OFFICE,debit
2026-01-23,OFFICE SUPPLIES,-3979.23,366193.91,OFFICE,debit
2026-01-23,OFFICE SUPPLIES,-2477.82,363716.09,OFFICE,debit
2026-01-23,INWARD TT - STC IT SUPPLIER,18870.34,382586.43,STC IT SUPPLIER,credit
2026-01-24,TELECOM - MOBILY,-368.04,382218.39,MOBILY,debit
2026-01-24,FUEL - ALDREES,-884.61,381333.78,ALDREES,debit
2026-01-24,SOFTWARE LICENSE - MICROSOFT,-2391.31,378942.47,MICROSOFT,debit
2026-01-24,TELECOM - MOBILY,-1254.58,377687.89,MOBILY,debit
2026-01-24,SOFTWARE LICENSE - MICROSOFT,-1802.00,375885.89,MICROSOFT,debit
2026-01-24,TELECOM - MOBILY,-3091.66,372794.23,MOBILY,debit
2026-01-25,BANK CHARGES,-2624.38,370169.85,BANK,debit
2026-01-25,BANK CHARGES,-2292.41,367877.44,BANK,debit
2026-01-25,BANK CHARGES,-1039.28,366838.16,BANK,debit
2026-01-25,AWS SUBSCRIPTION,-762.89,366075.27,AWS,debit
2026-01-26,FUEL - ALDREES,-1340.93,364734.34,ALDREES,debit
2026-01-26,SOFTWARE LICENSE - MICROSOFT,-1836.80,362897.54,MICROSOFT,debit
2026-01-26,TELECOM - MOBILY,-3559.94,359337.60,MOBILY,debit
2026-01-26,TELECOM - MOBILY,-4477.21,354860.39,MOBILY,debit
2026-01-26,OFFICE SUPPLIES,-846.64,354013.75,OFFICE,debit
2026-01-26,AWS SUBSCRIPTION,-3919.65,350094.10,AWS,debit
2026-01-27,FUEL - ALDREES,-568.30,349525.80,ALDREES,debit
2026-01-27,BANK CHARGES,-2566.83,346958.97,BANK,debit
2026-01-27,BANK CHARGES,-3130.33,343828.64,BANK,debit
2026-01-27,SOFTWARE LICENSE - MICROSOFT,-2552.55,341276.09,MICROSOFT,debit
2026-01-27,INWARD TT - ALMARAI IT SERVICES,12814.20,354090.29,ALMARAI IT SERVICES,credit
2026-01-28,FUEL - ALDREES,-2699.77,351390.52,ALDREES,debit
2026-01-28,AWS SUBSCRIPTION,-2327.20,349063.32,AWS,debit
2026-01-28,TELECOM - MOBILY,-3857.37,345205.95,MOBILY,debit
2026-01-28,INWARD TT - ALMUNAJEM FOODS CO IT DEPT,12499.59,357705.54,ALMUNAJEM FOODS CO IT DEPT,credit
2026-01-28,INWARD TT - ALMUNAJEM FOODS CO IT DEPT,24273.38,381978.92,ALMUNAJEM FOODS CO IT DEPT,credit
2026-01-28,SALARY EMP00,-5904.08,376074.84,EMPLOYEE_00,debit
2026-01-28,SALARY EMP01,-7630.50,368444.34,EMPLOYEE_01,debit
2026-01-28,SALARY EMP02,-5177.06,363267.28,EMPLOYEE_02,debit
2026-01-28,SALARY EMP03,-12889.46,350377.82,EMPLOYEE_03,debit
2026-01-28,SALARY EMP04,-6881.90,343495.92,EMPLOYEE_04,debit
2026-01-28,SALARY EMP05,-12932.36,330563.56,EMPLOYEE_05,debit
2026-01-28,SALARY EMP06,-5051.94,325511.62,EMPLOYEE_06,debit
2026-01-29,TELECOM - MOBILY,-1819.14,323692.48,MOBILY,debit
2026-01-29,AWS SUBSCRIPTION,-3388.54,320303.94,AWS,debit
2026-01-29,TELECOM - MOBILY,-1746.67,318557.27,MOBILY,debit
2026-01-29,TELECOM - MOBILY,-1186.48,317370.79,MOBILY,debit
2026-01-29,OFFICE SUPPLIES,-2815.46,314555.33,OFFICE,debit
2026-01-29,INWARD TT - ALMARAI IT SERVICES,8922.00,323477.33,ALMARAI IT SERVICES,credit
2026-01-29,INWARD TT - STC IT SUPPLIER,47156.03,370633.36,STC IT SUPPLIER,credit
2026-01-29,INWARD TT - STC IT SUPPLIER,54875.22,425508.58,STC IT SUPPLIER,credit
2026-01-29,INWARD TT - RIYADH BANK IT VENDOR PMT,31389.95,456898.53,RIYADH BANK IT VENDOR PMT,credit
2026-01-30,AWS SUBSCRIPTION,-1986.85,454911.68,AWS,debit
2026-01-30,TELECOM - MOBILY,-1442.37,453469.31,MOBILY,debit
2026-01-30,OFFICE SUPPLIES,-3968.14,449501.17,OFFICE,debit
2026-01-30,BANK CHARGES,-951.87,448549.30,BANK,debit
2026-01-30,INWARD TT - ALMUNAJEM FOODS CO IT DEPT,6042.50,454591.80,ALMUNAJEM FOODS CO IT DEPT,credit
2026-01-30,INWARD TT - PEAK ADVISORY GROUP,53251.79,507843.59,PEAK ADVISORY GROUP,credit
2026-01-30,INWARD TT - PEAK ADVISORY GROUP,26731.38,534574.97,PEAK ADVISORY GROUP,credit
2026-01-30,INWARD TT - BLUE HORIZON SOLUTIONS LLC,58586.79,593161.76,BLUE HORIZON SOLUTIONS LLC,credit
2026-01-31,FUEL - ALDREES,-1014.11,592147.65,ALDREES,debit
2026-01-31,TELECOM - MOBILY,-4385.27,587762.38,MOBILY,debit
2026-01-31,TELECOM - MOBILY,-2918.88,584843.50,MOBILY,debit
2026-01-31,INWARD TT - RIYADH BANK IT VENDOR PMT,20949.39,605792.89,RIYADH BANK IT VENDOR PMT,credit
2026-01-31,INWARD TT - ALMUNAJEM FOODS CO IT DEPT,39546.66,645339.55,ALMUNAJEM FOODS CO IT DEPT,credit
2026-01-31,INWARD TT - ALMARAI IT SERVICES,61728.40,707067.95,ALMARAI IT SERVICES,credit
2026-01-31,INWARD TT - BLUE HORIZON SOLUTIONS LLC,57241.80,764309.75,BLUE HORIZON SOLUTIONS LLC,credit
2026-02-01,BANK CHARGES,-575.08,763734.67,BANK,debit
2026-02-01,AWS SUBSCRIPTION,-1803.25,761931.42,AWS,debit
2026-02-01,OFFICE SUPPLIES,-2873.47,759057.95,OFFICE,debit
2026-02-01,FUEL - ALDREES,-1423.57,757634.38,ALDREES,debit
2026-02-02,SOFTWARE LICENSE - MICROSOFT,-3918.81,753715.57,MICROSOFT,debit
2026-02-02,BANK CHARGES,-4368.06,749347.51,BANK,debit
2026-02-02,BANK CHARGES,-682.42,748665.09,BANK,debit
2026-02-02,BANK CHARGES,-2358.71,746306.38,BANK,debit
2026-02-03,BANK CHARGES,-4460.38,741846.00,BANK,debit
2026-02-03,FUEL - ALDREES,-1521.01,740324.99,ALDREES,debit
2026-02-03,AWS SUBSCRIPTION,-2096.80,738228.19,AWS,debit
2026-02-03,OFFICE SUPPLIES,-1625.11,736603.08,OFFICE,debit
2026-02-03,TELECOM - MOBILY,-3796.03,732807.05,MOBILY,debit
2026-02-03,TELECOM - MOBILY,-1557.84,731249.21,MOBILY,debit
2026-02-03,INWARD TT - OMEGA NET,75000.00,806249.21,OMEGA NET,credit
2026-02-03,OWN ACCT TRF FROM Abdullah AlHarbi,9074.29,815323.50,Abdullah AlHarbi,credit
2026-02-04,BANK CHARGES,-2339.08,812984.42,BANK,debit
2026-02-04,SOFTWARE LICENSE - MICROSOFT,-2390.92,810593.50,MICROSOFT,debit
2026-02-04,TELECOM - MOBILY,-4300.53,806292.97,MOBILY,debit
2026-02-04,SOFTWARE LICENSE - MICROSOFT,-2732.25,803560.72,MICROSOFT,debit
2026-02-04,SOFTWARE LICENSE - MICROSOFT,-2427.53,801133.19,MICROSOFT,debit
2026-02-05,TELECOM - MOBILY,-3981.41,797151.78,MOBILY,debit
2026-02-05,AWS SUBSCRIPTION,-2935.31,794216.47,AWS,debit
2026-02-05,SOFTWARE LICENSE - MICROSOFT,-643.63,793572.84,MICROSOFT,debit
2026-02-05,BANK CHARGES,-3679.01,789893.83,BANK,debit
2026-02-05,AWS SUBSCRIPTION,-4073.78,785820.05,AWS,debit
2026-02-05,OFFICE SUPPLIES,-1236.90,784583.15,OFFICE,debit
2026-02-05,INWARD TT - ALMUNAJEM FOODS CO IT DEPT,17040.54,801623.69,ALMUNAJEM FOODS CO IT DEPT,credit
2026-02-05,OFFICE RENT - OLAYA TOWER LANDLORD,-18000.00,783623.69,OLAYA TOWER LANDLORD,debit
2026-02-06,AWS SUBSCRIPTION,-3932.93,779690.76,AWS,debit
2026-02-06,OFFICE SUPPLIES,-3572.11,776118.65,OFFICE,debit
2026-02-06,TELECOM - MOBILY,-4168.67,771949.98,MOBILY,debit
2026-02-06,INTERCOMPANY TRF FROM HAWK HLD GRP,31565.08,803515.06,HAWK HLD GRP,credit
2026-02-07,AWS SUBSCRIPTION,-1507.75,802007.31,AWS,debit
2026-02-07,BANK CHARGES,-325.11,801682.20,BANK,debit
2026-02-07,TELECOM - MOBILY,-2165.81,799516.39,MOBILY,debit
2026-02-07,SOFTWARE LICENSE - MICROSOFT,-1344.24,798172.15,MICROSOFT,debit
2026-02-07,INWARD TT - ALMARAI IT SERVICES,13108.04,811280.19,ALMARAI IT SERVICES,credit
2026-02-07,INWARD TT - CRESCENT IT,75000.00,886280.19,CRESCENT IT,credit
2026-02-08,SOFTWARE LICENSE - MICROSOFT,-1962.55,884317.64,MICROSOFT,debit
2026-02-08,BANK CHARGES,-4424.05,879893.59,BANK,debit
2026-02-08,FUEL - ALDREES,-3986.26,875907.33,ALDREES,debit
2026-02-08,INWARD TT - ALMUNAJEM FOODS CO IT DEPT,14584.44,890491.77,ALMUNAJEM FOODS CO IT DEPT,credit
2026-02-09,BANK CHARGES,-3831.55,886660.22,BANK,debit
2026-02-09,SOFTWARE LICENSE - MICROSOFT,-2092.55,884567.67,MICROSOFT,debit
2026-02-09,TELECOM - MOBILY,-1253.85,883313.82,MOBILY,debit
2026-02-09,AWS SUBSCRIPTION,-4136.46,879177.36,AWS,debit
2026-02-09,TELECOM - MOBILY,-3091.93,876085.43,MOBILY,debit
2026-02-09,OFFICE SUPPLIES,-2940.29,873145.14,OFFICE,debit
2026-02-09,INWARD TT - RIYADH BANK IT VENDOR PMT,21052.88,894198.02,RIYADH BANK IT VENDOR PMT,credit
2026-02-10,AWS SUBSCRIPTION,-4104.13,890093.89,AWS,debit
2026-02-10,TELECOM - MOBILY,-2625.69,887468.20,MOBILY,debit
2026-02-10,FUEL - ALDREES,-1008.53,886459.67,ALDREES,debit
2026-02-10,OFFICE SUPPLIES,-1430.24,885029.43,OFFICE,debit
2026-02-10,FUEL - ALDREES,-4055.31,880974.12,ALDREES,debit
2026-02-10,TELECOM - MOBILY,-2326.15,878647.97,MOBILY,debit
2026-02-10,INWARD TT - RIYADH BANK IT VENDOR PMT,4460.89,883108.86,RIYADH BANK IT VENDOR PMT,credit
2026-02-11,OFFICE SUPPLIES,-2980.44,880128.42,OFFICE,debit
2026-02-11,FUEL - ALDREES,-2016.07,878112.35,ALDREES,debit
2026-02-11,TELECOM - MOBILY,-3331.35,874781.00,MOBILY,debit
2026-02-11,OFFICE SUPPLIES,-419.44,874361.56,OFFICE,debit
2026-02-11,BANK CHARGES,-521.29,873840.27,BANK,debit
2026-02-11,INWARD TT - RIYADH BANK IT VENDOR PMT,20073.73,893914.00,RIYADH BANK IT VENDOR PMT,credit
2026-02-12,TELECOM - MOBILY,-2630.13,891283.87,MOBILY,debit
2026-02-12,FUEL - ALDREES,-2038.55,889245.32,ALDREES,debit
2026-02-12,SOFTWARE LICENSE - MICROSOFT,-2191.09,887054.23,MICROSOFT,debit
2026-02-12,BANK CHARGES,-2798.57,884255.66,BANK,debit
2026-02-12,FUEL - ALDREES,-2100.13,882155.53,ALDREES,debit
2026-02-12,BANK CHARGES,-1833.77,880321.76,BANK,debit
2026-02-12,INWARD TT - STC IT SUPPLIER,5757.89,886079.65,STC IT SUPPLIER,credit
2026-02-12,INWARD TT - BLUE HORIZON SOLUTIONS LLC,50000.00,936079.65,BLUE HORIZON SOLUTIONS LLC,credit
2026-02-13,AWS SUBSCRIPTION,-851.78,935227.87,AWS,debit
2026-02-13,BANK CHARGES,-3836.53,931391.34,BANK,debit
2026-02-13,AWS SUBSCRIPTION,-601.28,930790.06,AWS,debit
2026-02-13,INWARD TT - STC IT SUPPLIER,19963.71,950753.77,STC IT SUPPLIER,credit
2026-02-14,BANK CHARGES,-3907.87,946845.90,BANK,debit
2026-02-14,TELECOM - MOBILY,-2297.94,944547.96,MOBILY,debit
2026-02-14,SOFTWARE LICENSE - MICROSOFT,-1657.94,942890.02,MICROSOFT,debit
2026-02-14,INWARD TT - ALMUNAJEM FOODS CO IT DEPT,11641.25,954531.27,ALMUNAJEM FOODS CO IT DEPT,credit
2026-02-15,FUEL - ALDREES,-3510.74,951020.53,ALDREES,debit
2026-02-15,BANK CHARGES,-3727.17,947293.36,BANK,debit
2026-02-15,AWS SUBSCRIPTION,-2798.71,944494.65,AWS,debit
2026-02-15,INWARD TT - STC IT SUPPLIER,3941.17,948435.82,STC IT SUPPLIER,credit
2026-02-16,SOFTWARE LICENSE - MICROSOFT,-2433.37,946002.45,MICROSOFT,debit
2026-02-16,AWS SUBSCRIPTION,-3590.79,942411.66,AWS,debit
2026-02-16,TELECOM - MOBILY,-3336.22,939075.44,MOBILY,debit
2026-02-16,BANK CHARGES,-4180.79,934894.65,BANK,debit
2026-02-16,OFFICE SUPPLIES,-1849.79,933044.86,OFFICE,debit
2026-02-16,SOFTWARE LICENSE - MICROSOFT,-2499.20,930545.66,MICROSOFT,debit
2026-02-17,BANK CHARGES,-1554.11,928991.55,BANK,debit
2026-02-17,AWS SUBSCRIPTION,-1430.58,927560.97,AWS,debit
2026-02-17,OFFICE SUPPLIES,-3938.25,923622.72,OFFICE,debit
2026-02-17,SOFTWARE LICENSE - MICROSOFT,-4235.68,919387.04,MICROSOFT,debit
2026-02-17,INWARD TT - STC IT SUPPLIER,8463.93,927850.97,STC IT SUPPLIER,credit
2026-02-18,BANK CHARGES,-207.38,927643.59,BANK,debit
2026-02-18,OFFICE SUPPLIES,-2738.11,924905.48,OFFICE,debit
2026-02-18,BANK CHARGES,-705.51,924199.97,BANK,debit
2026-02-18,FUEL - ALDREES,-526.04,923673.93,ALDREES,debit
2026-02-19,TELECOM - MOBILY,-2463.35,921210.58,MOBILY,debit
2026-02-19,AWS SUBSCRIPTION,-1357.24,919853.34,AWS,debit
2026-02-19,TELECOM - MOBILY,-756.07,919097.27,MOBILY,debit
2026-02-19,OFFICE SUPPLIES,-2675.64,916421.63,OFFICE,debit
2026-02-19,INWARD TT - RIYADH BANK IT VENDOR PMT,7639.01,924060.64,RIYADH BANK IT VENDOR PMT,credit
2026-02-20,SOFTWARE LICENSE - MICROSOFT,-3696.26,920364.38,MICROSOFT,debit
2026-02-20,TELECOM - MOBILY,-2747.51,917616.87,MOBILY,debit
2026-02-20,TELECOM - MOBILY,-3924.51,913692.36,MOBILY,debit
2026-02-20,INWARD TT - RIYADH BANK IT VENDOR PMT,5044.85,918737.21,RIYADH BANK IT VENDOR PMT,credit
2026-02-21,SOFTWARE LICENSE - MICROSOFT,-4120.19,914617.02,MICROSOFT,debit
2026-02-21,AWS SUBSCRIPTION,-2530.56,912086.46,AWS,debit
2026-02-21,FUEL - ALDREES,-3447.95,908638.51,ALDREES,debit
2026-02-21,SOFTWARE LICENSE - MICROSOFT,-3146.01,905492.50,MICROSOFT,debit
2026-02-21,INWARD TT - STC IT SUPPLIER,17385.61,922878.11,STC IT SUPPLIER,credit
2026-02-22,TELECOM - MOBILY,-3153.47,919724.64,MOBILY,debit
2026-02-22,BANK CHARGES,-4092.22,915632.42,BANK,debit
2026-02-22,AWS SUBSCRIPTION,-2450.58,913181.84,AWS,debit
2026-02-22,FUEL - ALDREES,-487.49,912694.35,ALDREES,debit
2026-02-22,INWARD TT - RIYADH BANK IT VENDOR PMT,20609.44,933303.79,RIYADH BANK IT VENDOR PMT,credit
2026-02-22,WIRE OUT - OFFSHORE DEV CONTRACTOR PMT,-308823.32,624480.47,OFFSHORE DEV CONTRACTOR,debit
2026-02-23,OFFICE SUPPLIES,-237.91,624242.56,OFFICE,debit
2026-02-23,BANK CHARGES,-2578.41,621664.15,BANK,debit
2026-02-23,FUEL - ALDREES,-1499.33,620164.82,ALDREES,debit
2026-02-23,BANK CHARGES,-3836.36,616328.46,BANK,debit
2026-02-23,TELECOM - MOBILY,-4350.53,611977.93,MOBILY,debit
2026-02-24,TELECOM - MOBILY,-2840.11,609137.82,MOBILY,debit
2026-02-24,FUEL - ALDREES,-2176.69,606961.13,ALDREES,debit
2026-02-24,AWS SUBSCRIPTION,-1386.19,605574.94,AWS,debit
2026-02-24,FUEL - ALDREES,-4160.11,601414.83,ALDREES,debit
2026-02-24,TELECOM - MOBILY,-3482.44,597932.39,MOBILY,debit
2026-02-24,SOFTWARE LICENSE - MICROSOFT,-1786.25,596146.14,MICROSOFT,debit
2026-02-24,INWARD TT - STC IT SUPPLIER,20279.97,616426.11,STC IT SUPPLIER,credit
2026-02-25,AWS SUBSCRIPTION,-1049.01,615377.10,AWS,debit
2026-02-25,BANK CHARGES,-2177.51,613199.59,BANK,debit
2026-02-25,AWS SUBSCRIPTION,-3124.70,610074.89,AWS,debit
2026-02-25,OFFICE SUPPLIES,-2907.47,607167.42,OFFICE,debit
2026-02-25,FUEL - ALDREES,-2000.52,605166.90,ALDREES,debit
2026-02-25,FUEL - ALDREES,-2106.67,603060.23,ALDREES,debit
2026-02-26,BANK CHARGES,-2493.81,600566.42,BANK,debit
2026-02-26,OFFICE SUPPLIES,-3224.81,597341.61,OFFICE,debit
2026-02-26,FUEL - ALDREES,-2549.56,594792.05,ALDREES,debit
2026-02-26,TELECOM - MOBILY,-2422.38,592369.67,MOBILY,debit
2026-02-26,SOFTWARE LICENSE - MICROSOFT,-1470.33,590899.34,MICROSOFT,debit
2026-02-27,BANK CHARGES,-2680.58,588218.76,BANK,debit
2026-02-27,OFFICE SUPPLIES,-692.97,587525.79,OFFICE,debit
2026-02-27,AWS SUBSCRIPTION,-1740.68,585785.11,AWS,debit
2026-02-27,BANK CHARGES,-2277.07,583508.04,BANK,debit
2026-02-27,TELECOM - MOBILY,-1678.82,581829.22,MOBILY,debit
2026-02-27,BANK CHARGES,-4082.47,577746.75,BANK,debit
2026-02-28,BANK CHARGES,-3592.47,574154.28,BANK,debit
2026-02-28,FUEL - ALDREES,-2974.03,571180.25,ALDREES,debit
2026-02-28,OFFICE SUPPLIES,-4498.22,566682.03,OFFICE,debit
2026-02-28,SOFTWARE LICENSE - MICROSOFT,-502.69,566179.34,MICROSOFT,debit
2026-02-28,TELECOM - MOBILY,-1019.17,565160.17,MOBILY,debit
2026-02-28,BANK CHARGES,-4157.43,561002.74,BANK,debit
2026-02-28,INWARD TT - PEAK ADVISORY GROUP,37105.41,598108.15,PEAK ADVISORY GROUP,credit
2026-02-28,SALARY EMP00,-8591.13,589517.02,EMPLOYEE_00,debit
2026-02-28,SALARY EMP01,-13110.83,576406.19,EMPLOYEE_01,debit
2026-02-28,SALARY EMP02,-12048.28,564357.91,EMPLOYEE_02,debit
2026-02-28,SALARY EMP03,-12601.84,551756.07,EMPLOYEE_03,debit
2026-02-28,SALARY EMP04,-14097.81,537658.26,EMPLOYEE_04,debit
2026-02-28,SALARY EMP05,-4286.09,533372.17,EMPLOYEE_05,debit
2026-02-28,SALARY EMP06,-4901.17,528471.00,EMPLOYEE_06,debit
2026-03-01,OFFICE SUPPLIES,-4494.22,523976.78,OFFICE,debit
2026-03-01,BANK CHARGES,-1827.93,522148.85,BANK,debit
2026-03-01,OFFICE SUPPLIES,-603.67,521545.18,OFFICE,debit
2026-03-01,BANK CHARGES,-3374.40,518170.78,BANK,debit
2026-03-01,TELECOM - MOBILY,-4059.80,514110.98,MOBILY,debit
2026-03-02,FUEL - ALDREES,-2157.22,511953.76,ALDREES,debit
2026-03-02,TELECOM - MOBILY,-629.91,511323.85,MOBILY,debit
2026-03-02,SOFTWARE LICENSE - MICROSOFT,-4337.24,506986.61,MICROSOFT,debit
2026-03-02,FUEL - ALDREES,-1149.12,505837.49,ALDREES,debit
2026-03-02,INWARD TT - STC IT SUPPLIER,5829.30,511666.79,STC IT SUPPLIER,credit
2026-03-03,OFFICE SUPPLIES,-1182.62,510484.17,OFFICE,debit
2026-03-03,FUEL - ALDREES,-1094.27,509389.90,ALDREES,debit
2026-03-03,AWS SUBSCRIPTION,-258.07,509131.83,AWS,debit
2026-03-03,AWS SUBSCRIPTION,-4411.80,504720.03,AWS,debit
2026-03-03,FUEL - ALDREES,-465.45,504254.58,ALDREES,debit
2026-03-03,AWS SUBSCRIPTION,-1347.63,502906.95,AWS,debit
2026-03-03,INWARD TT - STC IT SUPPLIER,11117.17,514024.12,STC IT SUPPLIER,credit
2026-03-04,BANK CHARGES,-4254.72,509769.40,BANK,debit
2026-03-04,TELECOM - MOBILY,-4030.90,505738.50,MOBILY,debit
2026-03-04,SOFTWARE LICENSE - MICROSOFT,-3208.72,502529.78,MICROSOFT,debit
2026-03-04,TELECOM - MOBILY,-657.10,501872.68,MOBILY,debit
2026-03-04,AWS SUBSCRIPTION,-3981.79,497890.89,AWS,debit
2026-03-05,BANK CHARGES,-1984.93,495905.96,BANK,debit
2026-03-05,TELECOM - MOBILY,-1918.91,493987.05,MOBILY,debit
2026-03-05,FUEL - ALDREES,-651.42,493335.63,ALDREES,debit
2026-03-05,AWS SUBSCRIPTION,-753.17,492582.46,AWS,debit
2026-03-05,AWS SUBSCRIPTION,-3413.00,489169.46,AWS,debit
2026-03-05,INWARD TT - RIYADH BANK IT VENDOR PMT,21173.91,510343.37,RIYADH BANK IT VENDOR PMT,credit
2026-03-05,OFFICE RENT - OLAYA TOWER LANDLORD,-18000.00,492343.37,OLAYA TOWER LANDLORD,debit
2026-03-06,OFFICE SUPPLIES,-3307.54,489035.83,OFFICE,debit
2026-03-06,OFFICE SUPPLIES,-4439.57,484596.26,OFFICE,debit
2026-03-06,BANK CHARGES,-3048.91,481547.35,BANK,debit
2026-03-06,TELECOM - MOBILY,-3532.39,478014.96,MOBILY,debit
2026-03-06,AWS SUBSCRIPTION,-2980.32,475034.64,AWS,debit
2026-03-06,INWARD TT - STC IT SUPPLIER,8006.54,483041.18,STC IT SUPPLIER,credit
2026-03-07,AWS SUBSCRIPTION,-905.27,482135.91,AWS,debit
2026-03-07,AWS SUBSCRIPTION,-2500.99,479634.92,AWS,debit
2026-03-07,BANK CHARGES,-1911.82,477723.10,BANK,debit
2026-03-07,BANK CHARGES,-713.69,477009.41,BANK,debit
2026-03-08,OFFICE SUPPLIES,-4198.91,472810.50,OFFICE,debit
2026-03-08,BANK CHARGES,-3601.45,469209.05,BANK,debit
2026-03-08,BANK CHARGES,-1322.23,467886.82,BANK,debit
2026-03-08,BANK CHARGES,-3808.72,464078.10,BANK,debit
2026-03-08,INWARD TT - ALMARAI IT SERVICES,6400.50,470478.60,ALMARAI IT SERVICES,credit
2026-03-09,OFFICE SUPPLIES,-1016.81,469461.79,OFFICE,debit
2026-03-09,BANK CHARGES,-2349.34,467112.45,BANK,debit
2026-03-09,TELECOM - MOBILY,-2815.75,464296.70,MOBILY,debit
2026-03-09,SOFTWARE LICENSE - MICROSOFT,-2764.88,461531.82,MICROSOFT,debit
2026-03-10,SOFTWARE LICENSE - MICROSOFT,-643.33,460888.49,MICROSOFT,debit
2026-03-10,BANK CHARGES,-2623.42,458265.07,BANK,debit
2026-03-10,AWS SUBSCRIPTION,-919.19,457345.88,AWS,debit
2026-03-11,AWS SUBSCRIPTION,-449.29,456896.59,AWS,debit
2026-03-11,TELECOM - MOBILY,-1438.48,455458.11,MOBILY,debit
2026-03-11,TELECOM - MOBILY,-2772.58,452685.53,MOBILY,debit
2026-03-11,INWARD TT - RIYADH BANK IT VENDOR PMT,14944.14,467629.67,RIYADH BANK IT VENDOR PMT,credit
2026-03-12,SOFTWARE LICENSE - MICROSOFT,-4423.53,463206.14,MICROSOFT,debit
2026-03-12,TELECOM - MOBILY,-3902.12,459304.02,MOBILY,debit
2026-03-12,BANK CHARGES,-4028.05,455275.97,BANK,debit
2026-03-13,FUEL - ALDREES,-2839.33,452436.64,ALDREES,debit
2026-03-13,TELECOM - MOBILY,-823.90,451612.74,MOBILY,debit
2026-03-13,TELECOM - MOBILY,-4434.06,447178.68,MOBILY,debit
2026-03-13,AWS SUBSCRIPTION,-392.11,446786.57,AWS,debit
2026-03-14,TELECOM - MOBILY,-2331.31,444455.26,MOBILY,debit
2026-03-14,SOFTWARE LICENSE - MICROSOFT,-3407.15,441048.11,MICROSOFT,debit
2026-03-14,TELECOM - MOBILY,-1287.64,439760.47,MOBILY,debit
2026-03-14,SOFTWARE LICENSE - MICROSOFT,-3393.24,436367.23,MICROSOFT,debit
2026-03-14,TELECOM - MOBILY,-2798.28,433568.95,MOBILY,debit
2026-03-15,SOFTWARE LICENSE - MICROSOFT,-2498.95,431070.00,MICROSOFT,debit
2026-03-15,OFFICE SUPPLIES,-4251.83,426818.17,OFFICE,debit
2026-03-15,AWS SUBSCRIPTION,-398.01,426420.16,AWS,debit
2026-03-15,FUEL - ALDREES,-4354.34,422065.82,ALDREES,debit
2026-03-15,TELECOM - MOBILY,-2244.14,419821.68,MOBILY,debit
2026-03-15,FUEL - ALDREES,-3884.03,415937.65,ALDREES,debit
2026-03-16,FUEL - ALDREES,-773.30,415164.35,ALDREES,debit
2026-03-16,FUEL - ALDREES,-2798.06,412366.29,ALDREES,debit
2026-03-16,AWS SUBSCRIPTION,-3413.69,408952.60,AWS,debit
2026-03-16,FUEL - ALDREES,-1373.45,407579.15,ALDREES,debit
2026-03-16,INWARD TT - STC IT SUPPLIER,6047.75,413626.90,STC IT SUPPLIER,credit
2026-03-17,OFFICE SUPPLIES,-3759.35,409867.55,OFFICE,debit
2026-03-17,AWS SUBSCRIPTION,-1702.22,408165.33,AWS,debit
2026-03-17,AWS SUBSCRIPTION,-412.72,407752.61,AWS,debit
2026-03-18,BANK CHARGES,-425.17,407327.44,BANK,debit
2026-03-18,FUEL - ALDREES,-2829.18,404498.26,ALDREES,debit
2026-03-18,FUEL - ALDREES,-3224.85,401273.41,ALDREES,debit
2026-03-18,FUEL - ALDREES,-3105.08,398168.33,ALDREES,debit
2026-03-18,OFFICE SUPPLIES,-2379.22,395789.11,OFFICE,debit
2026-03-18,AWS SUBSCRIPTION,-3321.29,392467.82,AWS,debit
2026-03-18,INTERCOMPANY TRF FROM Hawk Tech FZ Branch,21902.92,414370.74,Hawk Tech FZ Branch,credit
2026-03-19,FUEL - ALDREES,-1691.04,412679.70,ALDREES,debit
2026-03-19,AWS SUBSCRIPTION,-1083.95,411595.75,AWS,debit
2026-03-19,OFFICE SUPPLIES,-1710.42,409885.33,OFFICE,debit
2026-03-19,INWARD TT - RIYADH BANK IT VENDOR PMT,9640.37,419525.70,RIYADH BANK IT VENDOR PMT,credit
2026-03-20,SOFTWARE LICENSE - MICROSOFT,-2970.39,416555.31,MICROSOFT,debit
2026-03-20,BANK CHARGES,-1058.15,415497.16,BANK,debit
2026-03-20,TELECOM - MOBILY,-2549.12,412948.04,MOBILY,debit
2026-03-20,AWS SUBSCRIPTION,-3306.43,409641.61,AWS,debit
2026-03-20,SOFTWARE LICENSE - MICROSOFT,-4084.95,405556.66,MICROSOFT,debit
2026-03-20,FUEL - ALDREES,-3900.25,401656.41,ALDREES,debit
2026-03-20,INWARD TT - RIYADH BANK IT VENDOR PMT,13881.73,415538.14,RIYADH BANK IT VENDOR PMT,credit
2026-03-21,TELECOM - MOBILY,-1812.56,413725.58,MOBILY,debit
2026-03-21,BANK CHARGES,-1822.58,411903.00,BANK,debit
2026-03-21,FUEL - ALDREES,-3095.95,408807.05,ALDREES,debit
2026-03-21,OFFICE SUPPLIES,-3144.05,405663.00,OFFICE,debit
2026-03-21,INWARD TT - RIYADH BANK IT VENDOR PMT,11512.60,417175.60,RIYADH BANK IT VENDOR PMT,credit
2026-03-22,SOFTWARE LICENSE - MICROSOFT,-1396.34,415779.26,MICROSOFT,debit
2026-03-22,OFFICE SUPPLIES,-2990.20,412789.06,OFFICE,debit
2026-03-22,OFFICE SUPPLIES,-507.22,412281.84,OFFICE,debit
2026-03-22,OFFICE SUPPLIES,-2148.22,410133.62,OFFICE,debit
2026-03-22,WIRE OUT - OFFSHORE DEV CONTRACTOR PMT,-260394.17,149739.45,OFFSHORE DEV CONTRACTOR,debit
2026-03-23,AWS SUBSCRIPTION,-1528.55,148210.90,AWS,debit
2026-03-23,OFFICE SUPPLIES,-1079.51,147131.39,OFFICE,debit
2026-03-23,BANK CHARGES,-1374.13,145757.26,BANK,debit
2026-03-23,BANK CHARGES,-561.35,145195.91,BANK,debit
2026-03-24,SOFTWARE LICENSE - MICROSOFT,-2972.91,142223.00,MICROSOFT,debit
2026-03-24,TELECOM - MOBILY,-3058.01,139164.99,MOBILY,debit
2026-03-24,FUEL - ALDREES,-940.28,138224.71,ALDREES,debit
2026-03-25,FUEL - ALDREES,-2083.02,136141.69,ALDREES,debit
2026-03-25,TELECOM - MOBILY,-1071.88,135069.81,MOBILY,debit
2026-03-25,OFFICE SUPPLIES,-3969.59,131100.22,OFFICE,debit
2026-03-25,TELECOM - MOBILY,-2266.07,128834.15,MOBILY,debit
2026-03-25,SOFTWARE LICENSE - MICROSOFT,-1966.18,126867.97,MICROSOFT,debit
2026-03-25,OFFICE SUPPLIES,-1020.64,125847.33,OFFICE,debit
2026-03-26,SOFTWARE LICENSE - MICROSOFT,-3164.15,122683.18,MICROSOFT,debit
2026-03-26,BANK CHARGES,-4226.76,118456.42,BANK,debit
2026-03-26,TELECOM - MOBILY,-2896.49,115559.93,MOBILY,debit
2026-03-27,AWS SUBSCRIPTION,-4418.08,111141.85,AWS,debit
2026-03-27,SOFTWARE LICENSE - MICROSOFT,-3406.19,107735.66,MICROSOFT,debit
2026-03-27,FUEL - ALDREES,-613.55,107122.11,ALDREES,debit
2026-03-27,TELECOM - MOBILY,-3931.94,103190.17,MOBILY,debit
2026-03-27,AWS SUBSCRIPTION,-4372.85,98817.32,AWS,debit
2026-03-27,INWARD TT - RIYADH BANK IT VENDOR PMT,7584.10,106401.42,RIYADH BANK IT VENDOR PMT,credit
2026-03-27,INWARD TT - CRESCENT IT,75000.00,181401.42,CRESCENT IT,credit
2026-03-28,FUEL - ALDREES,-3186.97,178214.45,ALDREES,debit
2026-03-28,SOFTWARE LICENSE - MICROSOFT,-984.52,177229.93,MICROSOFT,debit
2026-03-28,TELECOM - MOBILY,-3815.91,173414.02,MOBILY,debit
2026-03-28,AWS SUBSCRIPTION,-3402.79,170011.23,AWS,debit
2026-03-28,INWARD TT - ALMUNAJEM FOODS CO IT DEPT,11064.34,181075.57,ALMUNAJEM FOODS CO IT DEPT,credit
2026-03-28,INWARD TT - ALMARAI IT SERVICES,18983.59,200059.16,ALMARAI IT SERVICES,credit
2026-03-28,INWARD TT - RIYADH BANK IT VENDOR PMT,19593.13,219652.29,RIYADH BANK IT VENDOR PMT,credit
2026-03-28,SALARY EMP00,-13193.94,206458.35,EMPLOYEE_00,debit
2026-03-28,SALARY EMP01,-4903.13,201555.22,EMPLOYEE_01,debit
2026-03-28,SALARY EMP02,-6809.98,194745.24,EMPLOYEE_02,debit
2026-03-28,SALARY EMP03,-9397.15,185348.09,EMPLOYEE_03,debit
2026-03-28,SALARY EMP04,-10313.57,175034.52,EMPLOYEE_04,debit
2026-03-28,SALARY EMP05,-6847.19,168187.33,EMPLOYEE_05,debit
2026-03-28,SALARY EMP06,-9117.62,159069.71,EMPLOYEE_06,debit
2026-03-29,SOFTWARE LICENSE - MICROSOFT,-2011.39,157058.32,MICROSOFT,debit
2026-03-29,OFFICE SUPPLIES,-4241.49,152816.83,OFFICE,debit
2026-03-29,BANK CHARGES,-307.43,152509.40,BANK,debit
2026-03-29,INWARD TT - STC IT SUPPLIER,48619.18,201128.58,STC IT SUPPLIER,credit
2026-03-30,AWS SUBSCRIPTION,-1986.65,199141.93,AWS,debit
2026-03-30,FUEL - ALDREES,-2772.47,196369.46,ALDREES,debit
2026-03-30,BANK CHARGES,-3384.93,192984.53,BANK,debit
2026-03-30,SOFTWARE LICENSE - MICROSOFT,-1490.32,191494.21,MICROSOFT,debit
2026-03-30,FUEL - ALDREES,-3813.81,187680.40,ALDREES,debit
2026-03-30,BANK CHARGES,-1107.89,186572.51,BANK,debit
2026-03-30,INWARD TT - STC IT SUPPLIER,19462.52,206035.03,STC IT SUPPLIER,credit
2026-03-30,INWARD TT - AL FANAR ENTERPRISES,75000.00,281035.03,AL FANAR ENTERPRISES,credit
2026-03-30,INWARD TT - RIYADH BANK IT VENDOR PMT,33929.70,314964.73,RIYADH BANK IT VENDOR PMT,credit
2026-03-31,TELECOM - MOBILY,-1189.03,313775.70,MOBILY,debit
2026-03-31,BANK CHARGES,-1328.39,312447.31,BANK,debit
2026-03-31,BANK CHARGES,-976.64,311470.67,BANK,debit
2026-03-31,OFFICE SUPPLIES,-2900.13,308570.54,OFFICE,debit
2026-03-31,INWARD TT - ALMARAI IT SERVICES,14136.71,322707.25,ALMARAI IT SERVICES,credit
2026-03-31,INWARD TT - PEAK ADVISORY GROUP,35286.62,357993.87,PEAK ADVISORY GROUP,credit
2026-03-31,INWARD TT - BLUE HORIZON SOLUTIONS LLC,16418.55,374412.42,BLUE HORIZON SOLUTIONS LLC,credit
2026-03-31,INWARD TT - PEAK ADVISORY GROUP,16995.76,391408.18,PEAK ADVISORY GROUP,credit
